timestamp,buyer,seller,symbol,currency,price,quantity
0,,,STARFRUIT,SEASHELLS,5003.0,1
100,,,STARFRUIT,SEASHELLS,5004.0,6
900,,,STARFRUIT,SEASHELLS,5001.0,2
1000,,,STARFRUIT,SEASHELLS,4997.0,2
1100,,,STARFRUIT,SEASHELLS,4997.0,1
1500,,,STARFRUIT,SEASHELLS,5003.0,1
1800,,,STARFRUIT,SEASHELLS,5002.0,1
2000,,,STARFRUIT,SEASHELLS,5002.0,1
2100,,,STARFRUIT,SEASHELLS,5001.0,4
2500,,,STARFRUIT,SEASHELLS,4996.0,11
3200,,,STARFRUIT,SEASHELLS,4996.0,1
3300,,,STARFRUIT,SEASHELLS,4997.0,2
3900,,,STARFRUIT,SEASHELLS,5002.0,1
4200,,,STARFRUIT,SEASHELLS,4998.0,1
4400,,,STARFRUIT,SEASHELLS,5002.0,2
4500,,,STARFRUIT,SEASHELLS,4997.0,1
5800,,,STARFRUIT,SEASHELLS,4999.0,7
6500,,,STARFRUIT,SEASHELLS,5000.0,5
6600,,,STARFRUIT,SEASHELLS,4999.0,1
6700,,,STARFRUIT,SEASHELLS,4999.0,4
7100,,,STARFRUIT,SEASHELLS,4999.0,5
7200,,,STARFRUIT,SEASHELLS,5005.0,4
7300,,,STARFRUIT,SEASHELLS,4998.0,1
7400,,,STARFRUIT,SEASHELLS,5003.0,1
7800,,,STARFRUIT,SEASHELLS,5002.0,1
8600,,,STARFRUIT,SEASHELLS,5004.0,1
8700,,,STARFRUIT,SEASHELLS,5004.0,2
8800,,,STARFRUIT,SEASHELLS,5003.0,1
10200,,,STARFRUIT,SEASHELLS,4996.0,1
11100,,,STARFRUIT,SEASHELLS,5005.0,2
11300,,,STARFRUIT,SEASHELLS,4998.0,1
11400,,,STARFRUIT,SEASHELLS,4997.0,1
12000,,,STARFRUIT,SEASHELLS,4999.0,2
13000,,,STARFRUIT,SEASHELLS,5001.0,2
13500,,,STARFRUIT,SEASHELLS,4998.0,1
13900,,,STARFRUIT,SEASHELLS,4998.0,2
14300,,,STARFRUIT,SEASHELLS,4998.0,1
15000,,,STARFRUIT,SEASHELLS,4998.0,1
16400,,,STARFRUIT,SEASHELLS,4998.0,6
17000,,,STARFRUIT,SEASHELLS,5003.0,9
17200,,,STARFRUIT,SEASHELLS,4996.0,1
17400,,,STARFRUIT,SEASHELLS,5003.0,10
18000,,,STARFRUIT,SEASHELLS,5002.0,4
18100,,,STARFRUIT,SEASHELLS,4996.0,1
18200,,,STARFRUIT,SEASHELLS,4996.0,8
18300,,,STARFRUIT,SEASHELLS,5000.0,2
18600,,,STARFRUIT,SEASHELLS,4996.0,1
19200,,,STARFRUIT,SEASHELLS,4996.0,1
19400,,,STARFRUIT,SEASHELLS,4996.0,1
20300,,,STARFRUIT,SEASHELLS,5002.0,1
20900,,,STARFRUIT,SEASHELLS,5002.0,1
21300,,,STARFRUIT,SEASHELLS,5002.0,1
21400,,,STARFRUIT,SEASHELLS,5001.0,1
21800,,,STARFRUIT,SEASHELLS,5001.0,1
22300,,,STARFRUIT,SEASHELLS,4997.0,1
22900,,,STARFRUIT,SEASHELLS,4998.0,2
23100,,,STARFRUIT,SEASHELLS,5001.0,1
24000,,,STARFRUIT,SEASHELLS,5001.0,3
24200,,,STARFRUIT,SEASHELLS,4996.0,5
24500,,,STARFRUIT,SEASHELLS,5002.0,1
24700,,,STARFRUIT,SEASHELLS,5001.0,6
25100,,,STARFRUIT,SEASHELLS,5001.0,1
25400,,,STARFRUIT,SEASHELLS,4995.0,7
25600,,,STARFRUIT,SEASHELLS,4999.0,2
26300,,,STARFRUIT,SEASHELLS,4994.0,1
26400,,,STARFRUIT,SEASHELLS,4994.0,1
26700,,,STARFRUIT,SEASHELLS,4998.0,1
27000,,,STARFRUIT,SEASHELLS,4993.0,4
27200,,,STARFRUIT,SEASHELLS,4991.0,1
27300,,,STARFRUIT,SEASHELLS,4998.0,11
28000,,,STARFRUIT,SEASHELLS,4999.0,1
28300,,,STARFRUIT,SEASHELLS,4997.0,1
29400,,,STARFRUIT,SEASHELLS,4998.0,2
29900,,,STARFRUIT,SEASHELLS,4995.0,1
30300,,,STARFRUIT,SEASHELLS,4996.0,1
30400,,,STARFRUIT,SEASHELLS,4991.0,1
30900,,,STARFRUIT,SEASHELLS,4992.0,1
31000,,,STARFRUIT,SEASHELLS,4992.0,1
31200,,,STARFRUIT,SEASHELLS,4992.0,1
31300,,,STARFRUIT,SEASHELLS,4997.0,1
31400,,,STARFRUIT,SEASHELLS,4999.0,4
32100,,,STARFRUIT,SEASHELLS,4991.0,1
32700,,,STARFRUIT,SEASHELLS,4996.0,1
32800,,,STARFRUIT,SEASHELLS,4991.0,2
33200,,,STARFRUIT,SEASHELLS,4990.0,1
33300,,,STARFRUIT,SEASHELLS,4991.0,8
33900,,,STARFRUIT,SEASHELLS,4995.0,1
34000,,,STARFRUIT,SEASHELLS,4995.0,1
35000,,,STARFRUIT,SEASHELLS,4993.0,4
35300,,,STARFRUIT,SEASHELLS,4993.0,1
35800,,,STARFRUIT,SEASHELLS,4993.0,1
36200,,,STARFRUIT,SEASHELLS,4994.0,3
36300,,,STARFRUIT,SEASHELLS,4999.0,1
36800,,,STARFRUIT,SEASHELLS,4993.0,1
37200,,,STARFRUIT,SEASHELLS,4998.0,10
38000,,,STARFRUIT,SEASHELLS,4991.0,11
38500,,,STARFRUIT,SEASHELLS,4996.0,1
38800,,,STARFRUIT,SEASHELLS,4993.0,5
38900,,,STARFRUIT,SEASHELLS,4991.0,2
39300,,,STARFRUIT,SEASHELLS,4993.0,1
39400,,,STARFRUIT,SEASHELLS,4993.0,1
39500,,,STARFRUIT,SEASHELLS,4998.0,1
39800,,,STARFRUIT,SEASHELLS,4993.0,4
40100,,,STARFRUIT,SEASHELLS,4992.0,1
40200,,,STARFRUIT,SEASHELLS,4997.0,5
40300,,,STARFRUIT,SEASHELLS,4994.0,2
40600,,,STARFRUIT,SEASHELLS,4992.0,1
40700,,,STARFRUIT,SEASHELLS,4996.0,3
40900,,,STARFRUIT,SEASHELLS,4992.0,3
41100,,,STARFRUIT,SEASHELLS,4995.0,9
41600,,,STARFRUIT,SEASHELLS,4990.0,1
42900,,,STARFRUIT,SEASHELLS,4993.0,1
43100,,,STARFRUIT,SEASHELLS,4989.0,14
43500,,,STARFRUIT,SEASHELLS,4990.0,1
43900,,,STARFRUIT,SEASHELLS,4997.0,2
44700,,,STARFRUIT,SEASHELLS,4995.0,1
45100,,,STARFRUIT,SEASHELLS,4988.0,1
46300,,,STARFRUIT,SEASHELLS,4987.0,1
46800,,,STARFRUIT,SEASHELLS,4986.0,2
47200,,,STARFRUIT,SEASHELLS,4992.0,1
47300,,,STARFRUIT,SEASHELLS,4988.0,2
47700,,,STARFRUIT,SEASHELLS,4988.0,1
48300,,,STARFRUIT,SEASHELLS,4988.0,1
48600,,,STARFRUIT,SEASHELLS,4994.0,1
48900,,,STARFRUIT,SEASHELLS,4988.0,1
49300,,,STARFRUIT,SEASHELLS,4994.0,1
49700,,,STARFRUIT,SEASHELLS,4988.0,2
49900,,,STARFRUIT,SEASHELLS,4986.0,1
50000,,,STARFRUIT,SEASHELLS,4986.0,5
50200,,,STARFRUIT,SEASHELLS,4986.0,1
50300,,,STARFRUIT,SEASHELLS,4986.0,1
50400,,,STARFRUIT,SEASHELLS,4986.0,2
51000,,,STARFRUIT,SEASHELLS,4986.0,1
51300,,,STARFRUIT,SEASHELLS,4990.0,1
51600,,,STARFRUIT,SEASHELLS,4990.0,1
52200,,,STARFRUIT,SEASHELLS,4985.0,1
52300,,,STARFRUIT,SEASHELLS,4985.0,1
53600,,,STARFRUIT,SEASHELLS,4985.0,1
53700,,,STARFRUIT,SEASHELLS,4992.0,2
54300,,,STARFRUIT,SEASHELLS,4986.0,11
54600,,,STARFRUIT,SEASHELLS,4986.0,1
54700,,,STARFRUIT,SEASHELLS,4990.0,1
55200,,,STARFRUIT,SEASHELLS,4989.0,1
56100,,,STARFRUIT,SEASHELLS,4990.0,1
56300,,,STARFRUIT,SEASHELLS,4983.0,1
56500,,,STARFRUIT,SEASHELLS,4982.0,1
57000,,,STARFRUIT,SEASHELLS,4989.0,1
57100,,,STARFRUIT,SEASHELLS,4985.0,3
57200,,,STARFRUIT,SEASHELLS,4985.0,4
57400,,,STARFRUIT,SEASHELLS,4990.0,1
57700,,,STARFRUIT,SEASHELLS,4985.0,2
57800,,,STARFRUIT,SEASHELLS,4984.0,1
58300,,,STARFRUIT,SEASHELLS,4988.0,1
58800,,,STARFRUIT,SEASHELLS,4983.0,1
59000,,,STARFRUIT,SEASHELLS,4991.0,10
59800,,,STARFRUIT,SEASHELLS,4985.0,5
59900,,,STARFRUIT,SEASHELLS,4983.0,1
60000,,,STARFRUIT,SEASHELLS,4987.0,1
60200,,,STARFRUIT,SEASHELLS,4983.0,1
60500,,,STARFRUIT,SEASHELLS,4985.0,3
60600,,,STARFRUIT,SEASHELLS,4984.0,1
61100,,,STARFRUIT,SEASHELLS,4987.0,5
61300,,,STARFRUIT,SEASHELLS,4987.0,1
62300,,,STARFRUIT,SEASHELLS,4987.0,1
62600,,,STARFRUIT,SEASHELLS,4984.0,1
62900,,,STARFRUIT,SEASHELLS,4989.0,1
63000,,,STARFRUIT,SEASHELLS,4984.0,9
63200,,,STARFRUIT,SEASHELLS,4984.0,1
63300,,,STARFRUIT,SEASHELLS,4991.0,2
63800,,,STARFRUIT,SEASHELLS,4983.0,1
64200,,,STARFRUIT,SEASHELLS,4982.0,2
64500,,,STARFRUIT,SEASHELLS,4989.0,2
64600,,,STARFRUIT,SEASHELLS,4988.0,1
65400,,,STARFRUIT,SEASHELLS,4983.0,1
65600,,,STARFRUIT,SEASHELLS,4983.0,1
65800,,,STARFRUIT,SEASHELLS,4983.0,1
66200,,,STARFRUIT,SEASHELLS,4983.0,8
67000,,,STARFRUIT,SEASHELLS,4984.0,1
67200,,,STARFRUIT,SEASHELLS,4989.0,1
67400,,,STARFRUIT,SEASHELLS,4983.0,2
67700,,,STARFRUIT,SEASHELLS,4988.0,4
67900,,,STARFRUIT,SEASHELLS,4984.0,2
68000,,,STARFRUIT,SEASHELLS,4984.0,1
68200,,,STARFRUIT,SEASHELLS,4989.0,1
68600,,,STARFRUIT,SEASHELLS,4985.0,1
68900,,,STARFRUIT,SEASHELLS,4990.0,1
69000,,,STARFRUIT,SEASHELLS,4984.0,9
69300,,,STARFRUIT,SEASHELLS,4992.0,2
69400,,,STARFRUIT,SEASHELLS,4991.0,1
69600,,,STARFRUIT,SEASHELLS,4986.0,8
70400,,,STARFRUIT,SEASHELLS,4985.0,1
71400,,,STARFRUIT,SEASHELLS,4984.0,1
72100,,,STARFRUIT,SEASHELLS,4988.0,9
72600,,,STARFRUIT,SEASHELLS,4990.0,1
73900,,,STARFRUIT,SEASHELLS,4982.0,1
74400,,,STARFRUIT,SEASHELLS,4987.0,1
75000,,,STARFRUIT,SEASHELLS,4981.0,10
75200,,,STARFRUIT,SEASHELLS,4982.0,1
75500,,,STARFRUIT,SEASHELLS,4983.0,1
76400,,,STARFRUIT,SEASHELLS,4987.0,3
77400,,,STARFRUIT,SEASHELLS,4987.0,6
77800,,,STARFRUIT,SEASHELLS,4985.0,1
78100,,,STARFRUIT,SEASHELLS,4989.0,1
78300,,,STARFRUIT,SEASHELLS,4985.0,2
78800,,,STARFRUIT,SEASHELLS,4984.0,1
79000,,,STARFRUIT,SEASHELLS,4989.0,1
79800,,,STARFRUIT,SEASHELLS,4983.0,4
80100,,,STARFRUIT,SEASHELLS,4986.0,1
80500,,,STARFRUIT,SEASHELLS,4981.0,1
81300,,,STARFRUIT,SEASHELLS,4986.0,1
81800,,,STARFRUIT,SEASHELLS,4981.0,1
81900,,,STARFRUIT,SEASHELLS,4984.0,4
82100,,,STARFRUIT,SEASHELLS,4981.0,1
82400,,,STARFRUIT,SEASHELLS,4983.0,4
82600,,,STARFRUIT,SEASHELLS,4981.0,1
83200,,,STARFRUIT,SEASHELLS,4982.0,2
83300,,,STARFRUIT,SEASHELLS,4982.0,15
83400,,,STARFRUIT,SEASHELLS,4987.0,3
84000,,,STARFRUIT,SEASHELLS,4987.0,4
84200,,,STARFRUIT,SEASHELLS,4987.0,1
84600,,,STARFRUIT,SEASHELLS,4989.0,2
84700,,,STARFRUIT,SEASHELLS,4988.0,1
84800,,,STARFRUIT,SEASHELLS,4989.0,1
85700,,,STARFRUIT,SEASHELLS,4982.0,2
85900,,,STARFRUIT,SEASHELLS,4983.0,1
86000,,,STARFRUIT,SEASHELLS,4983.0,1
86300,,,STARFRUIT,SEASHELLS,4983.0,1
87200,,,STARFRUIT,SEASHELLS,4983.0,1
87900,,,STARFRUIT,SEASHELLS,4987.0,10
88500,,,STARFRUIT,SEASHELLS,4985.0,10
88600,,,STARFRUIT,SEASHELLS,4986.0,4
88800,,,STARFRUIT,SEASHELLS,4986.0,5
88900,,,STARFRUIT,SEASHELLS,4989.0,1
89100,,,STARFRUIT,SEASHELLS,4985.0,2
89400,,,STARFRUIT,SEASHELLS,4989.0,3
90000,,,STARFRUIT,SEASHELLS,4984.0,1
90100,,,STARFRUIT,SEASHELLS,4990.0,1
90200,,,STARFRUIT,SEASHELLS,4982.0,4
90800,,,STARFRUIT,SEASHELLS,4987.0,3
91000,,,STARFRUIT,SEASHELLS,4985.0,1
91500,,,STARFRUIT,SEASHELLS,4990.0,1
91900,,,STARFRUIT,SEASHELLS,4986.0,1
92300,,,STARFRUIT,SEASHELLS,4987.0,1
92400,,,STARFRUIT,SEASHELLS,4991.0,2
92500,,,STARFRUIT,SEASHELLS,4986.0,1
93100,,,STARFRUIT,SEASHELLS,4990.0,2
93300,,,STARFRUIT,SEASHELLS,4986.0,1
94300,,,STARFRUIT,SEASHELLS,4985.0,1
95100,,,STARFRUIT,SEASHELLS,4985.0,2
95300,,,STARFRUIT,SEASHELLS,4987.0,1
95600,,,STARFRUIT,SEASHELLS,4991.0,1
95800,,,STARFRUIT,SEASHELLS,4986.0,1
95900,,,STARFRUIT,SEASHELLS,4991.0,1
96100,,,STARFRUIT,SEASHELLS,4986.0,1
96200,,,STARFRUIT,SEASHELLS,4986.0,1
96400,,,STARFRUIT,SEASHELLS,4986.0,9
96500,,,STARFRUIT,SEASHELLS,4993.0,6
96800,,,STARFRUIT,SEASHELLS,4991.0,1
97000,,,STARFRUIT,SEASHELLS,4987.0,2
97300,,,STARFRUIT,SEASHELLS,4993.0,1
98100,,,STARFRUIT,SEASHELLS,4993.0,1
98200,,,STARFRUIT,SEASHELLS,4989.0,1
98300,,,STARFRUIT,SEASHELLS,4989.0,4
98400,,,STARFRUIT,SEASHELLS,4988.0,1
98500,,,STARFRUIT,SEASHELLS,4992.0,3
98700,,,STARFRUIT,SEASHELLS,4994.0,6
98800,,,STARFRUIT,SEASHELLS,4994.0,5
99300,,,STARFRUIT,SEASHELLS,4990.0,2
99400,,,STARFRUIT,SEASHELLS,4995.0,8
100000,,,STARFRUIT,SEASHELLS,4987.0,14
100100,,,STARFRUIT,SEASHELLS,4987.0,1
101400,,,STARFRUIT,SEASHELLS,4987.0,2
102200,,,STARFRUIT,SEASHELLS,4991.0,2
102500,,,STARFRUIT,SEASHELLS,4990.0,1
103100,,,STARFRUIT,SEASHELLS,4984.0,2
103300,,,STARFRUIT,SEASHELLS,4988.0,2
103600,,,STARFRUIT,SEASHELLS,4990.0,1
104100,,,STARFRUIT,SEASHELLS,4983.0,7
104400,,,STARFRUIT,SEASHELLS,4989.0,2
104700,,,STARFRUIT,SEASHELLS,4985.0,1
104800,,,STARFRUIT,SEASHELLS,4985.0,1
105200,,,STARFRUIT,SEASHELLS,4986.0,1
106100,,,STARFRUIT,SEASHELLS,4991.0,8
106800,,,STARFRUIT,SEASHELLS,4990.0,2
106900,,,STARFRUIT,SEASHELLS,4984.0,10
107500,,,STARFRUIT,SEASHELLS,4990.0,2
107700,,,STARFRUIT,SEASHELLS,4990.0,2
108100,,,STARFRUIT,SEASHELLS,4983.0,4
108400,,,STARFRUIT,SEASHELLS,4987.0,1
108600,,,STARFRUIT,SEASHELLS,4984.0,2
108800,,,STARFRUIT,SEASHELLS,4983.0,1
108900,,,STARFRUIT,SEASHELLS,4989.0,1
109400,,,STARFRUIT,SEASHELLS,4988.0,1
109600,,,STARFRUIT,SEASHELLS,4990.0,12
109900,,,STARFRUIT,SEASHELLS,4988.0,1
110300,,,STARFRUIT,SEASHELLS,4983.0,8
111300,,,STARFRUIT,SEASHELLS,4986.0,1
111600,,,STARFRUIT,SEASHELLS,4984.0,1
112300,,,STARFRUIT,SEASHELLS,4981.0,1
112400,,,STARFRUIT,SEASHELLS,4986.0,1
112500,,,STARFRUIT,SEASHELLS,4981.0,1
113100,,,STARFRUIT,SEASHELLS,4985.0,1
113200,,,STARFRUIT,SEASHELLS,4980.0,1
113400,,,STARFRUIT,SEASHELLS,4984.0,2
113700,,,STARFRUIT,SEASHELLS,4984.0,1
113800,,,STARFRUIT,SEASHELLS,4979.0,1
113900,,,STARFRUIT,SEASHELLS,4979.0,1
114300,,,STARFRUIT,SEASHELLS,4979.0,1
115000,,,STARFRUIT,SEASHELLS,4980.0,1
115200,,,STARFRUIT,SEASHELLS,4980.0,1
115300,,,STARFRUIT,SEASHELLS,4986.0,1
115600,,,STARFRUIT,SEASHELLS,4981.0,3
115800,,,STARFRUIT,SEASHELLS,4984.0,1
116600,,,STARFRUIT,SEASHELLS,4981.0,3
116700,,,STARFRUIT,SEASHELLS,4983.0,1
116900,,,STARFRUIT,SEASHELLS,4981.0,5
117700,,,STARFRUIT,SEASHELLS,4984.0,1
118000,,,STARFRUIT,SEASHELLS,4977.0,1
118300,,,STARFRUIT,SEASHELLS,4980.0,2
118600,,,STARFRUIT,SEASHELLS,4975.0,1
119000,,,STARFRUIT,SEASHELLS,4980.0,1
119300,,,STARFRUIT,SEASHELLS,4981.0,1
119500,,,STARFRUIT,SEASHELLS,4974.0,1
119700,,,STARFRUIT,SEASHELLS,4974.0,1
120200,,,STARFRUIT,SEASHELLS,4973.0,1
120700,,,STARFRUIT,SEASHELLS,4973.0,1
120800,,,STARFRUIT,SEASHELLS,4978.0,1
121300,,,STARFRUIT,SEASHELLS,4981.0,9
122000,,,STARFRUIT,SEASHELLS,4975.0,9
122700,,,STARFRUIT,SEASHELLS,4973.0,1
123000,,,STARFRUIT,SEASHELLS,4973.0,1
123100,,,STARFRUIT,SEASHELLS,4973.0,1
123200,,,STARFRUIT,SEASHELLS,4978.0,1
123300,,,STARFRUIT,SEASHELLS,4978.0,9
124000,,,STARFRUIT,SEASHELLS,4977.0,1
124900,,,STARFRUIT,SEASHELLS,4976.0,2
125100,,,STARFRUIT,SEASHELLS,4970.0,1
125200,,,STARFRUIT,SEASHELLS,4974.0,1
125300,,,STARFRUIT,SEASHELLS,4976.0,2
125400,,,STARFRUIT,SEASHELLS,4969.0,2
127300,,,STARFRUIT,SEASHELLS,4970.0,1
127600,,,STARFRUIT,SEASHELLS,4969.0,1
128900,,,STARFRUIT,SEASHELLS,4974.0,3
129200,,,STARFRUIT,SEASHELLS,4969.0,2
129600,,,STARFRUIT,SEASHELLS,4975.0,1
129700,,,STARFRUIT,SEASHELLS,4970.0,1
129800,,,STARFRUIT,SEASHELLS,4970.0,1
130200,,,STARFRUIT,SEASHELLS,4970.0,1
130300,,,STARFRUIT,SEASHELLS,4970.0,1
130400,,,STARFRUIT,SEASHELLS,4969.0,1
130500,,,STARFRUIT,SEASHELLS,4976.0,12
132000,,,STARFRUIT,SEASHELLS,4975.0,1
132300,,,STARFRUIT,SEASHELLS,4971.0,1
132700,,,STARFRUIT,SEASHELLS,4968.0,3
133400,,,STARFRUIT,SEASHELLS,4975.0,1
133700,,,STARFRUIT,SEASHELLS,4974.0,1
134100,,,STARFRUIT,SEASHELLS,4973.0,9
134200,,,STARFRUIT,SEASHELLS,4969.0,2
134700,,,STARFRUIT,SEASHELLS,4974.0,1
135200,,,STARFRUIT,SEASHELLS,4967.0,15
135600,,,STARFRUIT,SEASHELLS,4967.0,1
136500,,,STARFRUIT,SEASHELLS,4975.0,2
136900,,,STARFRUIT,SEASHELLS,4968.0,1
137000,,,STARFRUIT,SEASHELLS,4974.0,9
140400,,,STARFRUIT,SEASHELLS,4971.0,1
140800,,,STARFRUIT,SEASHELLS,4966.0,1
140900,,,STARFRUIT,SEASHELLS,4965.0,1
141200,,,STARFRUIT,SEASHELLS,4964.0,11
141400,,,STARFRUIT,SEASHELLS,4969.0,1
141600,,,STARFRUIT,SEASHELLS,4969.0,1
141700,,,STARFRUIT,SEASHELLS,4968.0,10
142000,,,STARFRUIT,SEASHELLS,4964.0,11
142400,,,STARFRUIT,SEASHELLS,4970.0,1
142800,,,STARFRUIT,SEASHELLS,4967.0,4
143100,,,STARFRUIT,SEASHELLS,4963.0,2
143200,,,STARFRUIT,SEASHELLS,4963.0,1
143800,,,STARFRUIT,SEASHELLS,4964.0,1
144200,,,STARFRUIT,SEASHELLS,4969.0,2
144800,,,STARFRUIT,SEASHELLS,4968.0,1
145800,,,STARFRUIT,SEASHELLS,4967.0,1
145900,,,STARFRUIT,SEASHELLS,4968.0,1
146000,,,STARFRUIT,SEASHELLS,4967.0,1
146200,,,STARFRUIT,SEASHELLS,4962.0,10
146300,,,STARFRUIT,SEASHELLS,4970.0,2
146900,,,STARFRUIT,SEASHELLS,4963.0,1
147000,,,STARFRUIT,SEASHELLS,4969.0,8
147100,,,STARFRUIT,SEASHELLS,4964.0,4
147300,,,STARFRUIT,SEASHELLS,4963.0,1
147400,,,STARFRUIT,SEASHELLS,4962.0,1
147800,,,STARFRUIT,SEASHELLS,4967.0,1
148000,,,STARFRUIT,SEASHELLS,4964.0,1
148100,,,STARFRUIT,SEASHELLS,4963.0,3
148200,,,STARFRUIT,SEASHELLS,4967.0,1
148300,,,STARFRUIT,SEASHELLS,4962.0,10
148500,,,STARFRUIT,SEASHELLS,4966.0,1
148700,,,STARFRUIT,SEASHELLS,4961.0,1
148800,,,STARFRUIT,SEASHELLS,4961.0,9
149400,,,STARFRUIT,SEASHELLS,4963.0,3
150000,,,STARFRUIT,SEASHELLS,4964.0,1
150100,,,STARFRUIT,SEASHELLS,4964.0,1
150200,,,STARFRUIT,SEASHELLS,4965.0,1
150300,,,STARFRUIT,SEASHELLS,4959.0,1
151400,,,STARFRUIT,SEASHELLS,4960.0,1
151900,,,STARFRUIT,SEASHELLS,4960.0,1
152100,,,STARFRUIT,SEASHELLS,4966.0,2
152300,,,STARFRUIT,SEASHELLS,4959.0,1
152800,,,STARFRUIT,SEASHELLS,4965.0,3
153400,,,STARFRUIT,SEASHELLS,4963.0,2
153500,,,STARFRUIT,SEASHELLS,4967.0,1
153600,,,STARFRUIT,SEASHELLS,4961.0,1
153900,,,STARFRUIT,SEASHELLS,4961.0,1
154000,,,STARFRUIT,SEASHELLS,4963.0,10
154700,,,STARFRUIT,SEASHELLS,4962.0,1
154800,,,STARFRUIT,SEASHELLS,4962.0,1
155600,,,STARFRUIT,SEASHELLS,4969.0,1
156200,,,STARFRUIT,SEASHELLS,4964.0,5
156400,,,STARFRUIT,SEASHELLS,4969.0,7
156700,,,STARFRUIT,SEASHELLS,4969.0,2
157000,,,STARFRUIT,SEASHELLS,4969.0,9
157400,,,STARFRUIT,SEASHELLS,4964.0,1
157700,,,STARFRUIT,SEASHELLS,4972.0,1
157900,,,STARFRUIT,SEASHELLS,4966.0,2
158000,,,STARFRUIT,SEASHELLS,4965.0,1
158300,,,STARFRUIT,SEASHELLS,4965.0,1
158500,,,STARFRUIT,SEASHELLS,4965.0,1
159200,,,STARFRUIT,SEASHELLS,4964.0,2
159400,,,STARFRUIT,SEASHELLS,4965.0,8
159500,,,STARFRUIT,SEASHELLS,4964.0,1
159900,,,STARFRUIT,SEASHELLS,4964.0,2
160200,,,STARFRUIT,SEASHELLS,4964.0,1
160300,,,STARFRUIT,SEASHELLS,4969.0,1
160400,,,STARFRUIT,SEASHELLS,4963.0,1
160700,,,STARFRUIT,SEASHELLS,4963.0,1
160800,,,STARFRUIT,SEASHELLS,4969.0,13
161200,,,STARFRUIT,SEASHELLS,4964.0,3
161400,,,STARFRUIT,SEASHELLS,4969.0,13
161800,,,STARFRUIT,SEASHELLS,4962.0,1
162000,,,STARFRUIT,SEASHELLS,4968.0,2
162300,,,STARFRUIT,SEASHELLS,4962.0,2
162400,,,STARFRUIT,SEASHELLS,4962.0,1
162700,,,STARFRUIT,SEASHELLS,4962.0,1
162800,,,STARFRUIT,SEASHELLS,4961.0,2
163100,,,STARFRUIT,SEASHELLS,4967.0,1
163300,,,STARFRUIT,SEASHELLS,4969.0,1
163600,,,STARFRUIT,SEASHELLS,4966.0,2
163700,,,STARFRUIT,SEASHELLS,4963.0,4
164900,,,STARFRUIT,SEASHELLS,4964.0,3
165500,,,STARFRUIT,SEASHELLS,4968.0,1
165700,,,STARFRUIT,SEASHELLS,4968.0,1
166600,,,STARFRUIT,SEASHELLS,4964.0,3
166700,,,STARFRUIT,SEASHELLS,4963.0,1
167300,,,STARFRUIT,SEASHELLS,4968.0,2
168200,,,STARFRUIT,SEASHELLS,4960.0,1
169200,,,STARFRUIT,SEASHELLS,4959.0,1
169300,,,STARFRUIT,SEASHELLS,4962.0,3
169500,,,STARFRUIT,SEASHELLS,4966.0,12
169600,,,STARFRUIT,SEASHELLS,4966.0,1
170000,,,STARFRUIT,SEASHELLS,4964.0,1
170200,,,STARFRUIT,SEASHELLS,4967.0,1
170400,,,STARFRUIT,SEASHELLS,4967.0,12
171700,,,STARFRUIT,SEASHELLS,4964.0,1
172000,,,STARFRUIT,SEASHELLS,4959.0,13
173600,,,STARFRUIT,SEASHELLS,4965.0,1
174100,,,STARFRUIT,SEASHELLS,4963.0,1
174400,,,STARFRUIT,SEASHELLS,4960.0,3
174700,,,STARFRUIT,SEASHELLS,4961.0,2
174900,,,STARFRUIT,SEASHELLS,4962.0,1
175200,,,STARFRUIT,SEASHELLS,4958.0,2
175500,,,STARFRUIT,SEASHELLS,4964.0,1
175600,,,STARFRUIT,SEASHELLS,4963.0,1
176000,,,STARFRUIT,SEASHELLS,4958.0,1
176500,,,STARFRUIT,SEASHELLS,4963.0,1
176900,,,STARFRUIT,SEASHELLS,4959.0,2
177200,,,STARFRUIT,SEASHELLS,4958.0,7
177300,,,STARFRUIT,SEASHELLS,4959.0,2
178200,,,STARFRUIT,SEASHELLS,4962.0,1
178500,,,STARFRUIT,SEASHELLS,4956.0,13
178700,,,STARFRUIT,SEASHELLS,4957.0,7
178800,,,STARFRUIT,SEASHELLS,4958.0,4
179600,,,STARFRUIT,SEASHELLS,4959.0,7
180000,,,STARFRUIT,SEASHELLS,4957.0,1
180500,,,STARFRUIT,SEASHELLS,4956.0,1
181400,,,STARFRUIT,SEASHELLS,4957.0,1
181500,,,STARFRUIT,SEASHELLS,4957.0,2
181800,,,STARFRUIT,SEASHELLS,4961.0,2
183100,,,STARFRUIT,SEASHELLS,4957.0,1
183400,,,STARFRUIT,SEASHELLS,4957.0,1
184200,,,STARFRUIT,SEASHELLS,4955.0,1
184400,,,STARFRUIT,SEASHELLS,4961.0,9
185000,,,STARFRUIT,SEASHELLS,4955.0,1
185500,,,STARFRUIT,SEASHELLS,4956.0,7
186000,,,STARFRUIT,SEASHELLS,4955.0,1
186500,,,STARFRUIT,SEASHELLS,4955.0,1
186800,,,STARFRUIT,SEASHELLS,4955.0,1
187300,,,STARFRUIT,SEASHELLS,4959.0,1
187400,,,STARFRUIT,SEASHELLS,4961.0,13
187500,,,STARFRUIT,SEASHELLS,4955.0,1
187600,,,STARFRUIT,SEASHELLS,4961.0,15
187700,,,STARFRUIT,SEASHELLS,4960.0,1
188400,,,STARFRUIT,SEASHELLS,4954.0,1
188700,,,STARFRUIT,SEASHELLS,4958.0,1
188900,,,STARFRUIT,SEASHELLS,4958.0,1
189300,,,STARFRUIT,SEASHELLS,4954.0,1
189500,,,STARFRUIT,SEASHELLS,4954.0,2
189700,,,STARFRUIT,SEASHELLS,4961.0,1
189800,,,STARFRUIT,SEASHELLS,4961.0,11
191300,,,STARFRUIT,SEASHELLS,4960.0,7
191500,,,STARFRUIT,SEASHELLS,4953.0,2
191600,,,STARFRUIT,SEASHELLS,4954.0,1
193100,,,STARFRUIT,SEASHELLS,4954.0,1
193600,,,STARFRUIT,SEASHELLS,4958.0,3
194600,,,STARFRUIT,SEASHELLS,4956.0,2
195300,,,STARFRUIT,SEASHELLS,4958.0,11
196100,,,STARFRUIT,SEASHELLS,4951.0,1
196400,,,STARFRUIT,SEASHELLS,4952.0,1
196600,,,STARFRUIT,SEASHELLS,4956.0,1
196700,,,STARFRUIT,SEASHELLS,4952.0,2
196800,,,STARFRUIT,SEASHELLS,4952.0,5
197300,,,STARFRUIT,SEASHELLS,4954.0,1
198000,,,STARFRUIT,SEASHELLS,4954.0,1
198100,,,STARFRUIT,SEASHELLS,4954.0,1
198400,,,STARFRUIT,SEASHELLS,4952.0,2
198500,,,STARFRUIT,SEASHELLS,4949.0,11
198900,,,STARFRUIT,SEASHELLS,4954.0,1
199000,,,STARFRUIT,SEASHELLS,4954.0,1
199400,,,STARFRUIT,SEASHELLS,4955.0,1
199500,,,STARFRUIT,SEASHELLS,4954.0,5
199900,,,STARFRUIT,SEASHELLS,4950.0,1
200200,,,STARFRUIT,SEASHELLS,4956.0,3
200300,,,STARFRUIT,SEASHELLS,4952.0,1
200500,,,STARFRUIT,SEASHELLS,4958.0,2
200600,,,STARFRUIT,SEASHELLS,4952.0,2
202300,,,STARFRUIT,SEASHELLS,4961.0,8
202400,,,STARFRUIT,SEASHELLS,4955.0,1
202900,,,STARFRUIT,SEASHELLS,4955.0,2
203600,,,STARFRUIT,SEASHELLS,4957.0,2
203900,,,STARFRUIT,SEASHELLS,4962.0,2
204200,,,STARFRUIT,SEASHELLS,4963.0,11
204900,,,STARFRUIT,SEASHELLS,4961.0,1
205200,,,STARFRUIT,SEASHELLS,4957.0,2
205300,,,STARFRUIT,SEASHELLS,4963.0,1
206400,,,STARFRUIT,SEASHELLS,4957.0,1
206600,,,STARFRUIT,SEASHELLS,4957.0,3
207100,,,STARFRUIT,SEASHELLS,4964.0,2
207200,,,STARFRUIT,SEASHELLS,4956.0,1
207300,,,STARFRUIT,SEASHELLS,4956.0,1
207700,,,STARFRUIT,SEASHELLS,4963.0,1
208000,,,STARFRUIT,SEASHELLS,4958.0,1
208100,,,STARFRUIT,SEASHELLS,4965.0,14
208200,,,STARFRUIT,SEASHELLS,4963.0,1
208400,,,STARFRUIT,SEASHELLS,4957.0,1
209300,,,STARFRUIT,SEASHELLS,4958.0,1
209600,,,STARFRUIT,SEASHELLS,4959.0,1
209700,,,STARFRUIT,SEASHELLS,4960.0,5
209900,,,STARFRUIT,SEASHELLS,4959.0,2
210000,,,STARFRUIT,SEASHELLS,4961.0,3
210200,,,STARFRUIT,SEASHELLS,4964.0,11
211300,,,STARFRUIT,SEASHELLS,4963.0,1
212500,,,STARFRUIT,SEASHELLS,4964.0,1
212700,,,STARFRUIT,SEASHELLS,4959.0,1
214700,,,STARFRUIT,SEASHELLS,4957.0,1
214800,,,STARFRUIT,SEASHELLS,4959.0,3
215100,,,STARFRUIT,SEASHELLS,4963.0,2
215200,,,STARFRUIT,SEASHELLS,4959.0,5
215400,,,STARFRUIT,SEASHELLS,4958.0,3
216400,,,STARFRUIT,SEASHELLS,4957.0,6
216500,,,STARFRUIT,SEASHELLS,4955.0,1
216700,,,STARFRUIT,SEASHELLS,4955.0,8
217100,,,STARFRUIT,SEASHELLS,4956.0,2
217900,,,STARFRUIT,SEASHELLS,4958.0,1
218400,,,STARFRUIT,SEASHELLS,4964.0,1
219500,,,STARFRUIT,SEASHELLS,4959.0,1
219900,,,STARFRUIT,SEASHELLS,4958.0,1
220100,,,STARFRUIT,SEASHELLS,4958.0,1
220300,,,STARFRUIT,SEASHELLS,4952.0,2
220800,,,STARFRUIT,SEASHELLS,4954.0,1
221500,,,STARFRUIT,SEASHELLS,4958.0,1
221700,,,STARFRUIT,SEASHELLS,4953.0,1
221800,,,STARFRUIT,SEASHELLS,4956.0,6
222500,,,STARFRUIT,SEASHELLS,4959.0,2
223200,,,STARFRUIT,SEASHELLS,4955.0,1
223400,,,STARFRUIT,SEASHELLS,4960.0,1
223900,,,STARFRUIT,SEASHELLS,4960.0,15
224300,,,STARFRUIT,SEASHELLS,4959.0,2
224500,,,STARFRUIT,SEASHELLS,4960.0,1
224600,,,STARFRUIT,SEASHELLS,4953.0,1
224900,,,STARFRUIT,SEASHELLS,4954.0,1
225000,,,STARFRUIT,SEASHELLS,4958.0,4
225500,,,STARFRUIT,SEASHELLS,4955.0,3
225800,,,STARFRUIT,SEASHELLS,4953.0,1
226000,,,STARFRUIT,SEASHELLS,4953.0,2
226100,,,STARFRUIT,SEASHELLS,4959.0,1
226300,,,STARFRUIT,SEASHELLS,4956.0,5
226700,,,STARFRUIT,SEASHELLS,4951.0,1
226800,,,STARFRUIT,SEASHELLS,4953.0,4
227500,,,STARFRUIT,SEASHELLS,4950.0,1
227600,,,STARFRUIT,SEASHELLS,4955.0,1
227700,,,STARFRUIT,SEASHELLS,4956.0,1
227800,,,STARFRUIT,SEASHELLS,4949.0,1
227900,,,STARFRUIT,SEASHELLS,4954.0,1
230400,,,STARFRUIT,SEASHELLS,4951.0,1
230600,,,STARFRUIT,SEASHELLS,4954.0,2
231100,,,STARFRUIT,SEASHELLS,4956.0,1
232500,,,STARFRUIT,SEASHELLS,4953.0,1
232700,,,STARFRUIT,SEASHELLS,4953.0,1
233100,,,STARFRUIT,SEASHELLS,4960.0,1
233900,,,STARFRUIT,SEASHELLS,4953.0,4
234500,,,STARFRUIT,SEASHELLS,4954.0,1
235400,,,STARFRUIT,SEASHELLS,4960.0,1
236400,,,STARFRUIT,SEASHELLS,4956.0,2
236500,,,STARFRUIT,SEASHELLS,4964.0,13
236700,,,STARFRUIT,SEASHELLS,4957.0,1
236900,,,STARFRUIT,SEASHELLS,4958.0,4
237000,,,STARFRUIT,SEASHELLS,4962.0,1
237200,,,STARFRUIT,SEASHELLS,4956.0,1
237700,,,STARFRUIT,SEASHELLS,4956.0,1
237900,,,STARFRUIT,SEASHELLS,4961.0,1
238000,,,STARFRUIT,SEASHELLS,4962.0,1
238300,,,STARFRUIT,SEASHELLS,4961.0,13
238700,,,STARFRUIT,SEASHELLS,4953.0,2
239100,,,STARFRUIT,SEASHELLS,4953.0,1
239200,,,STARFRUIT,SEASHELLS,4958.0,1
239300,,,STARFRUIT,SEASHELLS,4957.0,5
241000,,,STARFRUIT,SEASHELLS,4953.0,1
241200,,,STARFRUIT,SEASHELLS,4954.0,1
241500,,,STARFRUIT,SEASHELLS,4954.0,1
241600,,,STARFRUIT,SEASHELLS,4957.0,2
241700,,,STARFRUIT,SEASHELLS,4960.0,2
242400,,,STARFRUIT,SEASHELLS,4954.0,11
242600,,,STARFRUIT,SEASHELLS,4958.0,1
242900,,,STARFRUIT,SEASHELLS,4958.0,1
243100,,,STARFRUIT,SEASHELLS,4952.0,1
243200,,,STARFRUIT,SEASHELLS,4953.0,3
243400,,,STARFRUIT,SEASHELLS,4957.0,1
243600,,,STARFRUIT,SEASHELLS,4957.0,6
243700,,,STARFRUIT,SEASHELLS,4952.0,2
244300,,,STARFRUIT,SEASHELLS,4952.0,8
244700,,,STARFRUIT,SEASHELLS,4958.0,1
245200,,,STARFRUIT,SEASHELLS,4954.0,1
245300,,,STARFRUIT,SEASHELLS,4954.0,12
246700,,,STARFRUIT,SEASHELLS,4957.0,4
247300,,,STARFRUIT,SEASHELLS,4956.0,1
247400,,,STARFRUIT,SEASHELLS,4961.0,1
247600,,,STARFRUIT,SEASHELLS,4957.0,1
247700,,,STARFRUIT,SEASHELLS,4957.0,2
248400,,,STARFRUIT,SEASHELLS,4956.0,1
248700,,,STARFRUIT,SEASHELLS,4956.0,10
249400,,,STARFRUIT,SEASHELLS,4956.0,1
249900,,,STARFRUIT,SEASHELLS,4960.0,1
250500,,,STARFRUIT,SEASHELLS,4962.0,2
250600,,,STARFRUIT,SEASHELLS,4960.0,1
251300,,,STARFRUIT,SEASHELLS,4954.0,1
251900,,,STARFRUIT,SEASHELLS,4954.0,15
252400,,,STARFRUIT,SEASHELLS,4957.0,2
252800,,,STARFRUIT,SEASHELLS,4956.0,2
253500,,,STARFRUIT,SEASHELLS,4955.0,1
253700,,,STARFRUIT,SEASHELLS,4955.0,1
254000,,,STARFRUIT,SEASHELLS,4962.0,2
254400,,,STARFRUIT,SEASHELLS,4958.0,3
254700,,,STARFRUIT,SEASHELLS,4963.0,1
255000,,,STARFRUIT,SEASHELLS,4955.0,1
255100,,,STARFRUIT,SEASHELLS,4956.0,1
255400,,,STARFRUIT,SEASHELLS,4956.0,1
256000,,,STARFRUIT,SEASHELLS,4959.0,1
256100,,,STARFRUIT,SEASHELLS,4958.0,4
256500,,,STARFRUIT,SEASHELLS,4960.0,6
256700,,,STARFRUIT,SEASHELLS,4958.0,7
256900,,,STARFRUIT,SEASHELLS,4959.0,1
257100,,,STARFRUIT,SEASHELLS,4959.0,1
257600,,,STARFRUIT,SEASHELLS,4954.0,1
258200,,,STARFRUIT,SEASHELLS,4953.0,2
258400,,,STARFRUIT,SEASHELLS,4952.0,1
259300,,,STARFRUIT,SEASHELLS,4953.0,1
259500,,,STARFRUIT,SEASHELLS,4957.0,1
259800,,,STARFRUIT,SEASHELLS,4951.0,2
260200,,,STARFRUIT,SEASHELLS,4951.0,1
260300,,,STARFRUIT,SEASHELLS,4951.0,1
260600,,,STARFRUIT,SEASHELLS,4951.0,1
261000,,,STARFRUIT,SEASHELLS,4956.0,1
261500,,,STARFRUIT,SEASHELLS,4952.0,1
261700,,,STARFRUIT,SEASHELLS,4957.0,6
261800,,,STARFRUIT,SEASHELLS,4957.0,1
261900,,,STARFRUIT,SEASHELLS,4952.0,1
262200,,,STARFRUIT,SEASHELLS,4960.0,2
262800,,,STARFRUIT,SEASHELLS,4954.0,1
262900,,,STARFRUIT,SEASHELLS,4959.0,1
263700,,,STARFRUIT,SEASHELLS,4954.0,1
264800,,,STARFRUIT,SEASHELLS,4958.0,1
265500,,,STARFRUIT,SEASHELLS,4955.0,4
265700,,,STARFRUIT,SEASHELLS,4957.0,2
265900,,,STARFRUIT,SEASHELLS,4958.0,1
266000,,,STARFRUIT,SEASHELLS,4953.0,1
266300,,,STARFRUIT,SEASHELLS,4953.0,1
266500,,,STARFRUIT,SEASHELLS,4958.0,1
266800,,,STARFRUIT,SEASHELLS,4960.0,1
267000,,,STARFRUIT,SEASHELLS,4954.0,4
268500,,,STARFRUIT,SEASHELLS,4955.0,9
268800,,,STARFRUIT,SEASHELLS,4957.0,4
269000,,,STARFRUIT,SEASHELLS,4955.0,2
269200,,,STARFRUIT,SEASHELLS,4960.0,1
269800,,,STARFRUIT,SEASHELLS,4960.0,1
269900,,,STARFRUIT,SEASHELLS,4961.0,1
270100,,,STARFRUIT,SEASHELLS,4956.0,1
270300,,,STARFRUIT,SEASHELLS,4956.0,1
270600,,,STARFRUIT,SEASHELLS,4961.0,1
270700,,,STARFRUIT,SEASHELLS,4957.0,1
270900,,,STARFRUIT,SEASHELLS,4963.0,2
271700,,,STARFRUIT,SEASHELLS,4961.0,3
272100,,,STARFRUIT,SEASHELLS,4962.0,1
272200,,,STARFRUIT,SEASHELLS,4957.0,1
272800,,,STARFRUIT,SEASHELLS,4964.0,1
274200,,,STARFRUIT,SEASHELLS,4965.0,1
274800,,,STARFRUIT,SEASHELLS,4960.0,9
275000,,,STARFRUIT,SEASHELLS,4964.0,1
276800,,,STARFRUIT,SEASHELLS,4965.0,4
276900,,,STARFRUIT,SEASHELLS,4965.0,4
277000,,,STARFRUIT,SEASHELLS,4961.0,2
277800,,,STARFRUIT,SEASHELLS,4962.0,5
278000,,,STARFRUIT,SEASHELLS,4963.0,4
278200,,,STARFRUIT,SEASHELLS,4961.0,1
279300,,,STARFRUIT,SEASHELLS,4960.0,1
279400,,,STARFRUIT,SEASHELLS,4960.0,2
279900,,,STARFRUIT,SEASHELLS,4960.0,2
280200,,,STARFRUIT,SEASHELLS,4960.0,2
280300,,,STARFRUIT,SEASHELLS,4960.0,1
280400,,,STARFRUIT,SEASHELLS,4966.0,2
282200,,,STARFRUIT,SEASHELLS,4961.0,1
282600,,,STARFRUIT,SEASHELLS,4968.0,13
283100,,,STARFRUIT,SEASHELLS,4961.0,6
283300,,,STARFRUIT,SEASHELLS,4968.0,2
284500,,,STARFRUIT,SEASHELLS,4961.0,2
284700,,,STARFRUIT,SEASHELLS,4960.0,1
285100,,,STARFRUIT,SEASHELLS,4961.0,1
285200,,,STARFRUIT,SEASHELLS,4967.0,5
285700,,,STARFRUIT,SEASHELLS,4961.0,2
286000,,,STARFRUIT,SEASHELLS,4963.0,2
286500,,,STARFRUIT,SEASHELLS,4965.0,10
286900,,,STARFRUIT,SEASHELLS,4959.0,2
287000,,,STARFRUIT,SEASHELLS,4963.0,1
288100,,,STARFRUIT,SEASHELLS,4958.0,1
288600,,,STARFRUIT,SEASHELLS,4958.0,4
288900,,,STARFRUIT,SEASHELLS,4961.0,1
289400,,,STARFRUIT,SEASHELLS,4961.0,1
289900,,,STARFRUIT,SEASHELLS,4961.0,3
290200,,,STARFRUIT,SEASHELLS,4957.0,1
290300,,,STARFRUIT,SEASHELLS,4963.0,1
291400,,,STARFRUIT,SEASHELLS,4960.0,1
291700,,,STARFRUIT,SEASHELLS,4959.0,1
292300,,,STARFRUIT,SEASHELLS,4957.0,2
292400,,,STARFRUIT,SEASHELLS,4959.0,3
292800,,,STARFRUIT,SEASHELLS,4958.0,1
293000,,,STARFRUIT,SEASHELLS,4958.0,1
293100,,,STARFRUIT,SEASHELLS,4958.0,1
293400,,,STARFRUIT,SEASHELLS,4958.0,1
293500,,,STARFRUIT,SEASHELLS,4963.0,5
293800,,,STARFRUIT,SEASHELLS,4961.0,5
294200,,,STARFRUIT,SEASHELLS,4959.0,5
294600,,,STARFRUIT,SEASHELLS,4956.0,9
294700,,,STARFRUIT,SEASHELLS,4955.0,12
294900,,,STARFRUIT,SEASHELLS,4955.0,1
295300,,,STARFRUIT,SEASHELLS,4956.0,1
295700,,,STARFRUIT,SEASHELLS,4963.0,2
295800,,,STARFRUIT,SEASHELLS,4956.0,1
296300,,,STARFRUIT,SEASHELLS,4963.0,1
296500,,,STARFRUIT,SEASHELLS,4958.0,10
297100,,,STARFRUIT,SEASHELLS,4964.0,1
297400,,,STARFRUIT,SEASHELLS,4962.0,1
297500,,,STARFRUIT,SEASHELLS,4961.0,11
298100,,,STARFRUIT,SEASHELLS,4961.0,1
298600,,,STARFRUIT,SEASHELLS,4963.0,1
298800,,,STARFRUIT,SEASHELLS,4968.0,1
298900,,,STARFRUIT,SEASHELLS,4965.0,1
299400,,,STARFRUIT,SEASHELLS,4961.0,11
299600,,,STARFRUIT,SEASHELLS,4966.0,1
299700,,,STARFRUIT,SEASHELLS,4966.0,1
300500,,,STARFRUIT,SEASHELLS,4963.0,3
300800,,,STARFRUIT,SEASHELLS,4967.0,1
301400,,,STARFRUIT,SEASHELLS,4965.0,2
301700,,,STARFRUIT,SEASHELLS,4960.0,1
301800,,,STARFRUIT,SEASHELLS,4960.0,11
302100,,,STARFRUIT,SEASHELLS,4965.0,1
302500,,,STARFRUIT,SEASHELLS,4960.0,5
302600,,,STARFRUIT,SEASHELLS,4959.0,7
302900,,,STARFRUIT,SEASHELLS,4960.0,1
303100,,,STARFRUIT,SEASHELLS,4960.0,1
303600,,,STARFRUIT,SEASHELLS,4961.0,1
303700,,,STARFRUIT,SEASHELLS,4962.0,4
303900,,,STARFRUIT,SEASHELLS,4962.0,2
304200,,,STARFRUIT,SEASHELLS,4962.0,4
304800,,,STARFRUIT,SEASHELLS,4960.0,5
305700,,,STARFRUIT,SEASHELLS,4961.0,5
306200,,,STARFRUIT,SEASHELLS,4960.0,12
307500,,,STARFRUIT,SEASHELLS,4960.0,1
307900,,,STARFRUIT,SEASHELLS,4966.0,1
308200,,,STARFRUIT,SEASHELLS,4960.0,1
308300,,,STARFRUIT,SEASHELLS,4960.0,1
308400,,,STARFRUIT,SEASHELLS,4960.0,2
308500,,,STARFRUIT,SEASHELLS,4959.0,1
308600,,,STARFRUIT,SEASHELLS,4959.0,1
309600,,,STARFRUIT,SEASHELLS,4959.0,2
310300,,,STARFRUIT,SEASHELLS,4961.0,2
310500,,,STARFRUIT,SEASHELLS,4964.0,1
310800,,,STARFRUIT,SEASHELLS,4963.0,1
311500,,,STARFRUIT,SEASHELLS,4957.0,11
311700,,,STARFRUIT,SEASHELLS,4958.0,2
312300,,,STARFRUIT,SEASHELLS,4957.0,2
313100,,,STARFRUIT,SEASHELLS,4957.0,1
313200,,,STARFRUIT,SEASHELLS,4957.0,1
314200,,,STARFRUIT,SEASHELLS,4958.0,2
314700,,,STARFRUIT,SEASHELLS,4955.0,2
315500,,,STARFRUIT,SEASHELLS,4962.0,2
315800,,,STARFRUIT,SEASHELLS,4964.0,1
316200,,,STARFRUIT,SEASHELLS,4964.0,2
316600,,,STARFRUIT,SEASHELLS,4966.0,1
316800,,,STARFRUIT,SEASHELLS,4960.0,1
316900,,,STARFRUIT,SEASHELLS,4965.0,1
317400,,,STARFRUIT,SEASHELLS,4960.0,1
317900,,,STARFRUIT,SEASHELLS,4964.0,1
318700,,,STARFRUIT,SEASHELLS,4966.0,1
318800,,,STARFRUIT,SEASHELLS,4962.0,3
319500,,,STARFRUIT,SEASHELLS,4961.0,1
319600,,,STARFRUIT,SEASHELLS,4964.0,5
320300,,,STARFRUIT,SEASHELLS,4969.0,1
320500,,,STARFRUIT,SEASHELLS,4963.0,1
321100,,,STARFRUIT,SEASHELLS,4965.0,4
321300,,,STARFRUIT,SEASHELLS,4968.0,2
321600,,,STARFRUIT,SEASHELLS,4961.0,1
321800,,,STARFRUIT,SEASHELLS,4960.0,1
321900,,,STARFRUIT,SEASHELLS,4960.0,1
322000,,,STARFRUIT,SEASHELLS,4960.0,1
322100,,,STARFRUIT,SEASHELLS,4960.0,1
322900,,,STARFRUIT,SEASHELLS,4960.0,1
323200,,,STARFRUIT,SEASHELLS,4966.0,15
323900,,,STARFRUIT,SEASHELLS,4963.0,4
324100,,,STARFRUIT,SEASHELLS,4960.0,2
324200,,,STARFRUIT,SEASHELLS,4965.0,5
324300,,,STARFRUIT,SEASHELLS,4966.0,1
325100,,,STARFRUIT,SEASHELLS,4961.0,1
325500,,,STARFRUIT,SEASHELLS,4967.0,1
326200,,,STARFRUIT,SEASHELLS,4963.0,1
326300,,,STARFRUIT,SEASHELLS,4964.0,1
326400,,,STARFRUIT,SEASHELLS,4969.0,1
326600,,,STARFRUIT,SEASHELLS,4969.0,1
326700,,,STARFRUIT,SEASHELLS,4969.0,1
326900,,,STARFRUIT,SEASHELLS,4964.0,1
327000,,,STARFRUIT,SEASHELLS,4963.0,15
327700,,,STARFRUIT,SEASHELLS,4966.0,1
327800,,,STARFRUIT,SEASHELLS,4966.0,1
328000,,,STARFRUIT,SEASHELLS,4971.0,7
328400,,,STARFRUIT,SEASHELLS,4967.0,1
328600,,,STARFRUIT,SEASHELLS,4972.0,1
328900,,,STARFRUIT,SEASHELLS,4967.0,1
329000,,,STARFRUIT,SEASHELLS,4972.0,1
330400,,,STARFRUIT,SEASHELLS,4968.0,1
331300,,,STARFRUIT,SEASHELLS,4969.0,1
331600,,,STARFRUIT,SEASHELLS,4973.0,4
331800,,,STARFRUIT,SEASHELLS,4972.0,1
332200,,,STARFRUIT,SEASHELLS,4969.0,2
333100,,,STARFRUIT,SEASHELLS,4976.0,2
333300,,,STARFRUIT,SEASHELLS,4970.0,1
333600,,,STARFRUIT,SEASHELLS,4972.0,2
334100,,,STARFRUIT,SEASHELLS,4971.0,1
334300,,,STARFRUIT,SEASHELLS,4970.0,1
334500,,,STARFRUIT,SEASHELLS,4971.0,1
335000,,,STARFRUIT,SEASHELLS,4976.0,1
335500,,,STARFRUIT,SEASHELLS,4970.0,12
335600,,,STARFRUIT,SEASHELLS,4974.0,6
336200,,,STARFRUIT,SEASHELLS,4979.0,1
336400,,,STARFRUIT,SEASHELLS,4977.0,1
336600,,,STARFRUIT,SEASHELLS,4972.0,2
336700,,,STARFRUIT,SEASHELLS,4972.0,1
336900,,,STARFRUIT,SEASHELLS,4972.0,1
337200,,,STARFRUIT,SEASHELLS,4975.0,2
337600,,,STARFRUIT,SEASHELLS,4971.0,1
337800,,,STARFRUIT,SEASHELLS,4972.0,7
337900,,,STARFRUIT,SEASHELLS,4972.0,1
338200,,,STARFRUIT,SEASHELLS,4972.0,3
338300,,,STARFRUIT,SEASHELLS,4973.0,1
338600,,,STARFRUIT,SEASHELLS,4973.0,1
339600,,,STARFRUIT,SEASHELLS,4974.0,1
340100,,,STARFRUIT,SEASHELLS,4974.0,1
340500,,,STARFRUIT,SEASHELLS,4974.0,1
340900,,,STARFRUIT,SEASHELLS,4970.0,11
341200,,,STARFRUIT,SEASHELLS,4971.0,3
341300,,,STARFRUIT,SEASHELLS,4975.0,1
341400,,,STARFRUIT,SEASHELLS,4970.0,1
341500,,,STARFRUIT,SEASHELLS,4976.0,1
342100,,,STARFRUIT,SEASHELLS,4971.0,1
342300,,,STARFRUIT,SEASHELLS,4971.0,1
342600,,,STARFRUIT,SEASHELLS,4971.0,7
342900,,,STARFRUIT,SEASHELLS,4977.0,2
343700,,,STARFRUIT,SEASHELLS,4973.0,1
344800,,,STARFRUIT,SEASHELLS,4978.0,1
345100,,,STARFRUIT,SEASHELLS,4974.0,1
345500,,,STARFRUIT,SEASHELLS,4974.0,2
345900,,,STARFRUIT,SEASHELLS,4974.0,1
347500,,,STARFRUIT,SEASHELLS,4979.0,1
347800,,,STARFRUIT,SEASHELLS,4979.0,8
348600,,,STARFRUIT,SEASHELLS,4979.0,1
348700,,,STARFRUIT,SEASHELLS,4977.0,3
348800,,,STARFRUIT,SEASHELLS,4975.0,1
349200,,,STARFRUIT,SEASHELLS,4974.0,1
349400,,,STARFRUIT,SEASHELLS,4980.0,1
349500,,,STARFRUIT,SEASHELLS,4980.0,1
349600,,,STARFRUIT,SEASHELLS,4975.0,1
350400,,,STARFRUIT,SEASHELLS,4976.0,1
350600,,,STARFRUIT,SEASHELLS,4981.0,9
350800,,,STARFRUIT,SEASHELLS,4975.0,1
351000,,,STARFRUIT,SEASHELLS,4980.0,1
351400,,,STARFRUIT,SEASHELLS,4983.0,2
351500,,,STARFRUIT,SEASHELLS,4976.0,1
352800,,,STARFRUIT,SEASHELLS,4980.0,4
352900,,,STARFRUIT,SEASHELLS,4982.0,1
353100,,,STARFRUIT,SEASHELLS,4977.0,1
353500,,,STARFRUIT,SEASHELLS,4982.0,13
353600,,,STARFRUIT,SEASHELLS,4976.0,2
354200,,,STARFRUIT,SEASHELLS,4979.0,1
354300,,,STARFRUIT,SEASHELLS,4981.0,1
354600,,,STARFRUIT,SEASHELLS,4980.0,3
354700,,,STARFRUIT,SEASHELLS,4981.0,1
355100,,,STARFRUIT,SEASHELLS,4974.0,2
355300,,,STARFRUIT,SEASHELLS,4979.0,1
356100,,,STARFRUIT,SEASHELLS,4975.0,1
356600,,,STARFRUIT,SEASHELLS,4977.0,2
356800,,,STARFRUIT,SEASHELLS,4982.0,8
357200,,,STARFRUIT,SEASHELLS,4979.0,6
357700,,,STARFRUIT,SEASHELLS,4980.0,2
357800,,,STARFRUIT,SEASHELLS,4980.0,1
358500,,,STARFRUIT,SEASHELLS,4975.0,1
358600,,,STARFRUIT,SEASHELLS,4975.0,1
359900,,,STARFRUIT,SEASHELLS,4976.0,1
360000,,,STARFRUIT,SEASHELLS,4983.0,11
360100,,,STARFRUIT,SEASHELLS,4977.0,1
361300,,,STARFRUIT,SEASHELLS,4978.0,2
361700,,,STARFRUIT,SEASHELLS,4983.0,1
361800,,,STARFRUIT,SEASHELLS,4981.0,4
362100,,,STARFRUIT,SEASHELLS,4978.0,9
363300,,,STARFRUIT,SEASHELLS,4984.0,1
363900,,,STARFRUIT,SEASHELLS,4979.0,14
364100,,,STARFRUIT,SEASHELLS,4984.0,1
364600,,,STARFRUIT,SEASHELLS,4984.0,1
365000,,,STARFRUIT,SEASHELLS,4978.0,1
365300,,,STARFRUIT,SEASHELLS,4983.0,1
365900,,,STARFRUIT,SEASHELLS,4982.0,1
366200,,,STARFRUIT,SEASHELLS,4978.0,1
366500,,,STARFRUIT,SEASHELLS,4978.0,1
366700,,,STARFRUIT,SEASHELLS,4978.0,1
367000,,,STARFRUIT,SEASHELLS,4985.0,2
367100,,,STARFRUIT,SEASHELLS,4979.0,1
368000,,,STARFRUIT,SEASHELLS,4986.0,2
368100,,,STARFRUIT,SEASHELLS,4985.0,1
368500,,,STARFRUIT,SEASHELLS,4980.0,5
368700,,,STARFRUIT,SEASHELLS,4980.0,1
368800,,,STARFRUIT,SEASHELLS,4984.0,1
369000,,,STARFRUIT,SEASHELLS,4980.0,6
369100,,,STARFRUIT,SEASHELLS,4986.0,1
369300,,,STARFRUIT,SEASHELLS,4979.0,1
369700,,,STARFRUIT,SEASHELLS,4983.0,2
369900,,,STARFRUIT,SEASHELLS,4984.0,1
370900,,,STARFRUIT,SEASHELLS,4980.0,1
371300,,,STARFRUIT,SEASHELLS,4985.0,1
371700,,,STARFRUIT,SEASHELLS,4978.0,1
372600,,,STARFRUIT,SEASHELLS,4979.0,1
372700,,,STARFRUIT,SEASHELLS,4986.0,2
372900,,,STARFRUIT,SEASHELLS,4980.0,1
373500,,,STARFRUIT,SEASHELLS,4979.0,1
373800,,,STARFRUIT,SEASHELLS,4981.0,4
374300,,,STARFRUIT,SEASHELLS,4977.0,1
375100,,,STARFRUIT,SEASHELLS,4982.0,2
375200,,,STARFRUIT,SEASHELLS,4978.0,1
375500,,,STARFRUIT,SEASHELLS,4979.0,1
375700,,,STARFRUIT,SEASHELLS,4981.0,5
376100,,,STARFRUIT,SEASHELLS,4983.0,1
376300,,,STARFRUIT,SEASHELLS,4984.0,2
376400,,,STARFRUIT,SEASHELLS,4982.0,3
376700,,,STARFRUIT,SEASHELLS,4984.0,8
378000,,,STARFRUIT,SEASHELLS,4977.0,1
378100,,,STARFRUIT,SEASHELLS,4976.0,8
378200,,,STARFRUIT,SEASHELLS,4976.0,8
379200,,,STARFRUIT,SEASHELLS,4977.0,1
379300,,,STARFRUIT,SEASHELLS,4977.0,1
379600,,,STARFRUIT,SEASHELLS,4982.0,1
379700,,,STARFRUIT,SEASHELLS,4977.0,2
379800,,,STARFRUIT,SEASHELLS,4984.0,1
380400,,,STARFRUIT,SEASHELLS,4977.0,1
380700,,,STARFRUIT,SEASHELLS,4983.0,1
381100,,,STARFRUIT,SEASHELLS,4977.0,2
381200,,,STARFRUIT,SEASHELLS,4983.0,2
381500,,,STARFRUIT,SEASHELLS,4981.0,1
381800,,,STARFRUIT,SEASHELLS,4975.0,1
382200,,,STARFRUIT,SEASHELLS,4981.0,1
382600,,,STARFRUIT,SEASHELLS,4977.0,1
383000,,,STARFRUIT,SEASHELLS,4978.0,2
383200,,,STARFRUIT,SEASHELLS,4978.0,1
383300,,,STARFRUIT,SEASHELLS,4982.0,1
383600,,,STARFRUIT,SEASHELLS,4977.0,1
383800,,,STARFRUIT,SEASHELLS,4978.0,1
384200,,,STARFRUIT,SEASHELLS,4979.0,2
384500,,,STARFRUIT,SEASHELLS,4985.0,1
384700,,,STARFRUIT,SEASHELLS,4979.0,10
385400,,,STARFRUIT,SEASHELLS,4978.0,1
385900,,,STARFRUIT,SEASHELLS,4978.0,13
386000,,,STARFRUIT,SEASHELLS,4983.0,1
386500,,,STARFRUIT,SEASHELLS,4983.0,1
386600,,,STARFRUIT,SEASHELLS,4977.0,1
386800,,,STARFRUIT,SEASHELLS,4981.0,2
387600,,,STARFRUIT,SEASHELLS,4976.0,1
387700,,,STARFRUIT,SEASHELLS,4981.0,1
387900,,,STARFRUIT,SEASHELLS,4982.0,1
388500,,,STARFRUIT,SEASHELLS,4977.0,2
389000,,,STARFRUIT,SEASHELLS,4975.0,2
389500,,,STARFRUIT,SEASHELLS,4975.0,1
389700,,,STARFRUIT,SEASHELLS,4975.0,4
389900,,,STARFRUIT,SEASHELLS,4978.0,1
390000,,,STARFRUIT,SEASHELLS,4977.0,2
390200,,,STARFRUIT,SEASHELLS,4974.0,1
390400,,,STARFRUIT,SEASHELLS,4972.0,1
390500,,,STARFRUIT,SEASHELLS,4977.0,1
390800,,,STARFRUIT,SEASHELLS,4971.0,1
391000,,,STARFRUIT,SEASHELLS,4978.0,1
391200,,,STARFRUIT,SEASHELLS,4975.0,4
391900,,,STARFRUIT,SEASHELLS,4978.0,7
392000,,,STARFRUIT,SEASHELLS,4979.0,1
392100,,,STARFRUIT,SEASHELLS,4975.0,1
392300,,,STARFRUIT,SEASHELLS,4980.0,10
392900,,,STARFRUIT,SEASHELLS,4978.0,7
393300,,,STARFRUIT,SEASHELLS,4979.0,2
393800,,,STARFRUIT,SEASHELLS,4980.0,1
393900,,,STARFRUIT,SEASHELLS,4981.0,4
394300,,,STARFRUIT,SEASHELLS,4974.0,14
394500,,,STARFRUIT,SEASHELLS,4974.0,1
394700,,,STARFRUIT,SEASHELLS,4978.0,1
395300,,,STARFRUIT,SEASHELLS,4980.0,14
396000,,,STARFRUIT,SEASHELLS,4979.0,10
396600,,,STARFRUIT,SEASHELLS,4977.0,1
396700,,,STARFRUIT,SEASHELLS,4971.0,2
397000,,,STARFRUIT,SEASHELLS,4977.0,1
397200,,,STARFRUIT,SEASHELLS,4972.0,1
398000,,,STARFRUIT,SEASHELLS,4978.0,1
398300,,,STARFRUIT,SEASHELLS,4973.0,1
398500,,,STARFRUIT,SEASHELLS,4974.0,4
398700,,,STARFRUIT,SEASHELLS,4975.0,5
398800,,,STARFRUIT,SEASHELLS,4972.0,1
400100,,,STARFRUIT,SEASHELLS,4977.0,1
400400,,,STARFRUIT,SEASHELLS,4971.0,2
400600,,,STARFRUIT,SEASHELLS,4977.0,2
400800,,,STARFRUIT,SEASHELLS,4972.0,1
402500,,,STARFRUIT,SEASHELLS,4977.0,1
402600,,,STARFRUIT,SEASHELLS,4972.0,1
403200,,,STARFRUIT,SEASHELLS,4973.0,2
403800,,,STARFRUIT,SEASHELLS,4974.0,1
403900,,,STARFRUIT,SEASHELLS,4979.0,1
404000,,,STARFRUIT,SEASHELLS,4974.0,1
404900,,,STARFRUIT,SEASHELLS,4974.0,2
405100,,,STARFRUIT,SEASHELLS,4974.0,1
406600,,,STARFRUIT,SEASHELLS,4975.0,1
407200,,,STARFRUIT,SEASHELLS,4978.0,5
407500,,,STARFRUIT,SEASHELLS,4979.0,1
407900,,,STARFRUIT,SEASHELLS,4980.0,1
408100,,,STARFRUIT,SEASHELLS,4975.0,2
409000,,,STARFRUIT,SEASHELLS,4979.0,1
409100,,,STARFRUIT,SEASHELLS,4975.0,4
409200,,,STARFRUIT,SEASHELLS,4974.0,1
410700,,,STARFRUIT,SEASHELLS,4981.0,2
410800,,,STARFRUIT,SEASHELLS,4977.0,1
411000,,,STARFRUIT,SEASHELLS,4978.0,1
412600,,,STARFRUIT,SEASHELLS,4985.0,1
412700,,,STARFRUIT,SEASHELLS,4985.0,1
413100,,,STARFRUIT,SEASHELLS,4979.0,2
413600,,,STARFRUIT,SEASHELLS,4980.0,1
414000,,,STARFRUIT,SEASHELLS,4983.0,1
414400,,,STARFRUIT,SEASHELLS,4980.0,1
415100,,,STARFRUIT,SEASHELLS,4985.0,1
416400,,,STARFRUIT,SEASHELLS,4980.0,6
416800,,,STARFRUIT,SEASHELLS,4985.0,1
416900,,,STARFRUIT,SEASHELLS,4984.0,1
417600,,,STARFRUIT,SEASHELLS,4981.0,8
417800,,,STARFRUIT,SEASHELLS,4980.0,1
418100,,,STARFRUIT,SEASHELLS,4980.0,1
418200,,,STARFRUIT,SEASHELLS,4980.0,1
418300,,,STARFRUIT,SEASHELLS,4980.0,1
418600,,,STARFRUIT,SEASHELLS,4986.0,4
418800,,,STARFRUIT,SEASHELLS,4985.0,1
418900,,,STARFRUIT,SEASHELLS,4981.0,6
419000,,,STARFRUIT,SEASHELLS,4986.0,1
420100,,,STARFRUIT,SEASHELLS,4987.0,1
420500,,,STARFRUIT,SEASHELLS,4986.0,1
420600,,,STARFRUIT,SEASHELLS,4982.0,1
421300,,,STARFRUIT,SEASHELLS,4982.0,15
421600,,,STARFRUIT,SEASHELLS,4988.0,1
421900,,,STARFRUIT,SEASHELLS,4988.0,3
422200,,,STARFRUIT,SEASHELLS,4984.0,1
422700,,,STARFRUIT,SEASHELLS,4987.0,3
423200,,,STARFRUIT,SEASHELLS,4989.0,1
424300,,,STARFRUIT,SEASHELLS,4985.0,1
424500,,,STARFRUIT,SEASHELLS,4985.0,1
424600,,,STARFRUIT,SEASHELLS,4991.0,1
425000,,,STARFRUIT,SEASHELLS,4986.0,1
425500,,,STARFRUIT,SEASHELLS,4985.0,7
425600,,,STARFRUIT,SEASHELLS,4985.0,2
425900,,,STARFRUIT,SEASHELLS,4986.0,1
426300,,,STARFRUIT,SEASHELLS,4992.0,2
427700,,,STARFRUIT,SEASHELLS,4985.0,2
427800,,,STARFRUIT,SEASHELLS,4984.0,2
428100,,,STARFRUIT,SEASHELLS,4989.0,2
428200,,,STARFRUIT,SEASHELLS,4984.0,1
428300,,,STARFRUIT,SEASHELLS,4984.0,1
428600,,,STARFRUIT,SEASHELLS,4989.0,9
428900,,,STARFRUIT,SEASHELLS,4989.0,1
429000,,,STARFRUIT,SEASHELLS,4985.0,2
429600,,,STARFRUIT,SEASHELLS,4989.0,5
429900,,,STARFRUIT,SEASHELLS,4985.0,4
430000,,,STARFRUIT,SEASHELLS,4983.0,12
431400,,,STARFRUIT,SEASHELLS,4989.0,1
431500,,,STARFRUIT,SEASHELLS,4987.0,1
431900,,,STARFRUIT,SEASHELLS,4990.0,13
433000,,,STARFRUIT,SEASHELLS,4984.0,4
433200,,,STARFRUIT,SEASHELLS,4988.0,1
433400,,,STARFRUIT,SEASHELLS,4988.0,1
433500,,,STARFRUIT,SEASHELLS,4982.0,14
433900,,,STARFRUIT,SEASHELLS,4982.0,14
434200,,,STARFRUIT,SEASHELLS,4983.0,1
434500,,,STARFRUIT,SEASHELLS,4988.0,1
435200,,,STARFRUIT,SEASHELLS,4988.0,1
436200,,,STARFRUIT,SEASHELLS,4990.0,1
436300,,,STARFRUIT,SEASHELLS,4987.0,2
436400,,,STARFRUIT,SEASHELLS,4990.0,1
436800,,,STARFRUIT,SEASHELLS,4985.0,8
436900,,,STARFRUIT,SEASHELLS,4985.0,8
437200,,,STARFRUIT,SEASHELLS,4992.0,1
437900,,,STARFRUIT,SEASHELLS,4985.0,1
438300,,,STARFRUIT,SEASHELLS,4990.0,9
438400,,,STARFRUIT,SEASHELLS,4991.0,1
439200,,,STARFRUIT,SEASHELLS,4986.0,4
439300,,,STARFRUIT,SEASHELLS,4989.0,1
439400,,,STARFRUIT,SEASHELLS,4985.0,1
440100,,,STARFRUIT,SEASHELLS,4989.0,1
440300,,,STARFRUIT,SEASHELLS,4989.0,1
440600,,,STARFRUIT,SEASHELLS,4984.0,1
440700,,,STARFRUIT,SEASHELLS,4989.0,1
440900,,,STARFRUIT,SEASHELLS,4984.0,1
441200,,,STARFRUIT,SEASHELLS,4983.0,2
442100,,,STARFRUIT,SEASHELLS,4984.0,1
442300,,,STARFRUIT,SEASHELLS,4987.0,1
442400,,,STARFRUIT,SEASHELLS,4982.0,1
442500,,,STARFRUIT,SEASHELLS,4984.0,3
442900,,,STARFRUIT,SEASHELLS,4987.0,3
443500,,,STARFRUIT,SEASHELLS,4983.0,2
444100,,,STARFRUIT,SEASHELLS,4982.0,2
444400,,,STARFRUIT,SEASHELLS,4982.0,1
444500,,,STARFRUIT,SEASHELLS,4982.0,1
444600,,,STARFRUIT,SEASHELLS,4986.0,5
444700,,,STARFRUIT,SEASHELLS,4982.0,9
444900,,,STARFRUIT,SEASHELLS,4982.0,1
445400,,,STARFRUIT,SEASHELLS,4988.0,1
446200,,,STARFRUIT,SEASHELLS,4982.0,1
447400,,,STARFRUIT,SEASHELLS,4982.0,1
447700,,,STARFRUIT,SEASHELLS,4986.0,1
448300,,,STARFRUIT,SEASHELLS,4986.0,1
448500,,,STARFRUIT,SEASHELLS,4987.0,2
448900,,,STARFRUIT,SEASHELLS,4980.0,1
450000,,,STARFRUIT,SEASHELLS,4984.0,1
450100,,,STARFRUIT,SEASHELLS,4979.0,2
450300,,,STARFRUIT,SEASHELLS,4985.0,2
450400,,,STARFRUIT,SEASHELLS,4986.0,1
450500,,,STARFRUIT,SEASHELLS,4983.0,1
451000,,,STARFRUIT,SEASHELLS,4979.0,1
451100,,,STARFRUIT,SEASHELLS,4978.0,1
451200,,,STARFRUIT,SEASHELLS,4982.0,5
451300,,,STARFRUIT,SEASHELLS,4983.0,1
451400,,,STARFRUIT,SEASHELLS,4981.0,6
452600,,,STARFRUIT,SEASHELLS,4979.0,1
453300,,,STARFRUIT,SEASHELLS,4983.0,2
453600,,,STARFRUIT,SEASHELLS,4983.0,8
453800,,,STARFRUIT,SEASHELLS,4980.0,3
454300,,,STARFRUIT,SEASHELLS,4983.0,12
454500,,,STARFRUIT,SEASHELLS,4976.0,1
454800,,,STARFRUIT,SEASHELLS,4982.0,2
455500,,,STARFRUIT,SEASHELLS,4975.0,1
455600,,,STARFRUIT,SEASHELLS,4975.0,1
456100,,,STARFRUIT,SEASHELLS,4975.0,1
456600,,,STARFRUIT,SEASHELLS,4977.0,3
456700,,,STARFRUIT,SEASHELLS,4982.0,11
457500,,,STARFRUIT,SEASHELLS,4980.0,9
458000,,,STARFRUIT,SEASHELLS,4977.0,5
458500,,,STARFRUIT,SEASHELLS,4976.0,1
458600,,,STARFRUIT,SEASHELLS,4976.0,1
459200,,,STARFRUIT,SEASHELLS,4980.0,1
459300,,,STARFRUIT,SEASHELLS,4976.0,1
459600,,,STARFRUIT,SEASHELLS,4975.0,1
459700,,,STARFRUIT,SEASHELLS,4979.0,3
459900,,,STARFRUIT,SEASHELLS,4975.0,7
460100,,,STARFRUIT,SEASHELLS,4979.0,4
460200,,,STARFRUIT,SEASHELLS,4974.0,9
460400,,,STARFRUIT,SEASHELLS,4979.0,5
461100,,,STARFRUIT,SEASHELLS,4975.0,1
462100,,,STARFRUIT,SEASHELLS,4975.0,2
462300,,,STARFRUIT,SEASHELLS,4974.0,10
462600,,,STARFRUIT,SEASHELLS,4974.0,1
463300,,,STARFRUIT,SEASHELLS,4975.0,8
463700,,,STARFRUIT,SEASHELLS,4979.0,1
463800,,,STARFRUIT,SEASHELLS,4979.0,1
464100,,,STARFRUIT,SEASHELLS,4974.0,1
464500,,,STARFRUIT,SEASHELLS,4977.0,1
464900,,,STARFRUIT,SEASHELLS,4980.0,11
465000,,,STARFRUIT,SEASHELLS,4974.0,1
465200,,,STARFRUIT,SEASHELLS,4975.0,2
465500,,,STARFRUIT,SEASHELLS,4979.0,1
465600,,,STARFRUIT,SEASHELLS,4974.0,1
466200,,,STARFRUIT,SEASHELLS,4975.0,2
466800,,,STARFRUIT,SEASHELLS,4974.0,1
467100,,,STARFRUIT,SEASHELLS,4978.0,2
468000,,,STARFRUIT,SEASHELLS,4975.0,1
468300,,,STARFRUIT,SEASHELLS,4981.0,1
468500,,,STARFRUIT,SEASHELLS,4981.0,1
469100,,,STARFRUIT,SEASHELLS,4984.0,2
469200,,,STARFRUIT,SEASHELLS,4978.0,11
469600,,,STARFRUIT,SEASHELLS,4982.0,4
469900,,,STARFRUIT,SEASHELLS,4977.0,5
470100,,,STARFRUIT,SEASHELLS,4976.0,1
470300,,,STARFRUIT,SEASHELLS,4983.0,1
470800,,,STARFRUIT,SEASHELLS,4985.0,2
471000,,,STARFRUIT,SEASHELLS,4980.0,3
471200,,,STARFRUIT,SEASHELLS,4984.0,1
471500,,,STARFRUIT,SEASHELLS,4980.0,1
471600,,,STARFRUIT,SEASHELLS,4980.0,1
472000,,,STARFRUIT,SEASHELLS,4980.0,1
472100,,,STARFRUIT,SEASHELLS,4987.0,2
472300,,,STARFRUIT,SEASHELLS,4983.0,3
472500,,,STARFRUIT,SEASHELLS,4983.0,6
472800,,,STARFRUIT,SEASHELLS,4980.0,1
472900,,,STARFRUIT,SEASHELLS,4980.0,1
473600,,,STARFRUIT,SEASHELLS,4983.0,4
473700,,,STARFRUIT,SEASHELLS,4981.0,1
474000,,,STARFRUIT,SEASHELLS,4987.0,1
474500,,,STARFRUIT,SEASHELLS,4987.0,1
474900,,,STARFRUIT,SEASHELLS,4982.0,1
475100,,,STARFRUIT,SEASHELLS,4988.0,1
475400,,,STARFRUIT,SEASHELLS,4989.0,2
475900,,,STARFRUIT,SEASHELLS,4990.0,15
476100,,,STARFRUIT,SEASHELLS,4983.0,1
476300,,,STARFRUIT,SEASHELLS,4982.0,6
476500,,,STARFRUIT,SEASHELLS,4986.0,5
477000,,,STARFRUIT,SEASHELLS,4988.0,1
477500,,,STARFRUIT,SEASHELLS,4981.0,2
477900,,,STARFRUIT,SEASHELLS,4986.0,2
478000,,,STARFRUIT,SEASHELLS,4987.0,1
478200,,,STARFRUIT,SEASHELLS,4987.0,1
478300,,,STARFRUIT,SEASHELLS,4982.0,1
478400,,,STARFRUIT,SEASHELLS,4982.0,1
478900,,,STARFRUIT,SEASHELLS,4983.0,1
479600,,,STARFRUIT,SEASHELLS,4987.0,2
479800,,,STARFRUIT,SEASHELLS,4987.0,1
480000,,,STARFRUIT,SEASHELLS,4987.0,6
480300,,,STARFRUIT,SEASHELLS,4988.0,1
480700,,,STARFRUIT,SEASHELLS,4983.0,1
481300,,,STARFRUIT,SEASHELLS,4983.0,1
481800,,,STARFRUIT,SEASHELLS,4982.0,11
482300,,,STARFRUIT,SEASHELLS,4982.0,1
482800,,,STARFRUIT,SEASHELLS,4987.0,1
483300,,,STARFRUIT,SEASHELLS,4989.0,1
483500,,,STARFRUIT,SEASHELLS,4988.0,1
484000,,,STARFRUIT,SEASHELLS,4989.0,1
484200,,,STARFRUIT,SEASHELLS,4990.0,1
484400,,,STARFRUIT,SEASHELLS,4991.0,1
484800,,,STARFRUIT,SEASHELLS,4986.0,2
484900,,,STARFRUIT,SEASHELLS,4987.0,2
485500,,,STARFRUIT,SEASHELLS,4987.0,2
485700,,,STARFRUIT,SEASHELLS,4993.0,2
485900,,,STARFRUIT,SEASHELLS,4987.0,1
486200,,,STARFRUIT,SEASHELLS,4992.0,10
486700,,,STARFRUIT,SEASHELLS,4993.0,1
486800,,,STARFRUIT,SEASHELLS,4994.0,1
487000,,,STARFRUIT,SEASHELLS,4990.0,1
487300,,,STARFRUIT,SEASHELLS,4990.0,1
487700,,,STARFRUIT,SEASHELLS,4997.0,1
488200,,,STARFRUIT,SEASHELLS,4998.0,2
488500,,,STARFRUIT,SEASHELLS,4996.0,1
489200,,,STARFRUIT,SEASHELLS,4992.0,3
489600,,,STARFRUIT,SEASHELLS,4996.0,11
489800,,,STARFRUIT,SEASHELLS,4989.0,1
490400,,,STARFRUIT,SEASHELLS,4988.0,1
491000,,,STARFRUIT,SEASHELLS,4994.0,1
491400,,,STARFRUIT,SEASHELLS,4992.0,6
492300,,,STARFRUIT,SEASHELLS,4994.0,1
492400,,,STARFRUIT,SEASHELLS,4989.0,1
492800,,,STARFRUIT,SEASHELLS,4994.0,1
492900,,,STARFRUIT,SEASHELLS,4995.0,1
493100,,,STARFRUIT,SEASHELLS,4989.0,1
493200,,,STARFRUIT,SEASHELLS,4988.0,1
494300,,,STARFRUIT,SEASHELLS,4993.0,5
494400,,,STARFRUIT,SEASHELLS,4987.0,1
495300,,,STARFRUIT,SEASHELLS,4988.0,1
495400,,,STARFRUIT,SEASHELLS,4988.0,1
495500,,,STARFRUIT,SEASHELLS,4988.0,2
495900,,,STARFRUIT,SEASHELLS,4995.0,11
496000,,,STARFRUIT,SEASHELLS,4988.0,1
496400,,,STARFRUIT,SEASHELLS,4989.0,4
496900,,,STARFRUIT,SEASHELLS,4989.0,13
497600,,,STARFRUIT,SEASHELLS,4990.0,4
498200,,,STARFRUIT,SEASHELLS,4995.0,6
498600,,,STARFRUIT,SEASHELLS,4993.0,1
499000,,,STARFRUIT,SEASHELLS,4992.0,10
499400,,,STARFRUIT,SEASHELLS,4992.0,8
499500,,,STARFRUIT,SEASHELLS,4992.0,9
499600,,,STARFRUIT,SEASHELLS,4993.0,2
499700,,,STARFRUIT,SEASHELLS,4998.0,1
499800,,,STARFRUIT,SEASHELLS,4999.0,1
500200,,,STARFRUIT,SEASHELLS,4993.0,1
500300,,,STARFRUIT,SEASHELLS,4999.0,1
500700,,,STARFRUIT,SEASHELLS,4993.0,1
500900,,,STARFRUIT,SEASHELLS,4993.0,2
501600,,,STARFRUIT,SEASHELLS,4999.0,1
501900,,,STARFRUIT,SEASHELLS,4998.0,2
502300,,,STARFRUIT,SEASHELLS,4990.0,1
502600,,,STARFRUIT,SEASHELLS,4996.0,2
503000,,,STARFRUIT,SEASHELLS,4989.0,1
503100,,,STARFRUIT,SEASHELLS,4990.0,8
503300,,,STARFRUIT,SEASHELLS,4989.0,1
503900,,,STARFRUIT,SEASHELLS,4990.0,1
504100,,,STARFRUIT,SEASHELLS,4990.0,1
504400,,,STARFRUIT,SEASHELLS,4991.0,1
504600,,,STARFRUIT,SEASHELLS,4992.0,1
504700,,,STARFRUIT,SEASHELLS,4997.0,1
504900,,,STARFRUIT,SEASHELLS,4992.0,1
505100,,,STARFRUIT,SEASHELLS,4992.0,1
505800,,,STARFRUIT,SEASHELLS,4993.0,2
506000,,,STARFRUIT,SEASHELLS,4999.0,1
506100,,,STARFRUIT,SEASHELLS,4992.0,5
506200,,,STARFRUIT,SEASHELLS,4999.0,2
506300,,,STARFRUIT,SEASHELLS,4999.0,1
507600,,,STARFRUIT,SEASHELLS,4999.0,2
508100,,,STARFRUIT,SEASHELLS,5002.0,1
508600,,,STARFRUIT,SEASHELLS,4999.0,7
508800,,,STARFRUIT,SEASHELLS,4999.0,1
509100,,,STARFRUIT,SEASHELLS,5000.0,1
509500,,,STARFRUIT,SEASHELLS,5001.0,1
510000,,,STARFRUIT,SEASHELLS,4995.0,3
510700,,,STARFRUIT,SEASHELLS,4994.0,10
511300,,,STARFRUIT,SEASHELLS,5000.0,1
512000,,,STARFRUIT,SEASHELLS,5002.0,5
512100,,,STARFRUIT,SEASHELLS,4998.0,3
512200,,,STARFRUIT,SEASHELLS,4997.0,1
512500,,,STARFRUIT,SEASHELLS,5004.0,1
512700,,,STARFRUIT,SEASHELLS,4999.0,1
513000,,,STARFRUIT,SEASHELLS,5004.0,1
513300,,,STARFRUIT,SEASHELLS,5005.0,12
513500,,,STARFRUIT,SEASHELLS,5005.0,1
514500,,,STARFRUIT,SEASHELLS,5002.0,1
514900,,,STARFRUIT,SEASHELLS,4997.0,5
516400,,,STARFRUIT,SEASHELLS,5002.0,1
516600,,,STARFRUIT,SEASHELLS,5002.0,2
517100,,,STARFRUIT,SEASHELLS,4997.0,1
517200,,,STARFRUIT,SEASHELLS,4997.0,1
517300,,,STARFRUIT,SEASHELLS,4999.0,1
517400,,,STARFRUIT,SEASHELLS,4997.0,1
517600,,,STARFRUIT,SEASHELLS,4998.0,2
518300,,,STARFRUIT,SEASHELLS,4999.0,5
518500,,,STARFRUIT,SEASHELLS,5001.0,3
518600,,,STARFRUIT,SEASHELLS,4999.0,1
518700,,,STARFRUIT,SEASHELLS,4998.0,1
520100,,,STARFRUIT,SEASHELLS,5006.0,1
520300,,,STARFRUIT,SEASHELLS,5001.0,9
520500,,,STARFRUIT,SEASHELLS,5001.0,1
520600,,,STARFRUIT,SEASHELLS,5007.0,1
521200,,,STARFRUIT,SEASHELLS,5002.0,1
521500,,,STARFRUIT,SEASHELLS,5007.0,1
523700,,,STARFRUIT,SEASHELLS,5003.0,2
523800,,,STARFRUIT,SEASHELLS,5003.0,1
524500,,,STARFRUIT,SEASHELLS,5004.0,2
524900,,,STARFRUIT,SEASHELLS,5000.0,2
526200,,,STARFRUIT,SEASHELLS,5007.0,1
526400,,,STARFRUIT,SEASHELLS,5007.0,1
526600,,,STARFRUIT,SEASHELLS,5007.0,1
527400,,,STARFRUIT,SEASHELLS,5000.0,12
528500,,,STARFRUIT,SEASHELLS,4999.0,1
529300,,,STARFRUIT,SEASHELLS,4997.0,13
529600,,,STARFRUIT,SEASHELLS,4998.0,1
530200,,,STARFRUIT,SEASHELLS,4998.0,1
530300,,,STARFRUIT,SEASHELLS,5003.0,1
530700,,,STARFRUIT,SEASHELLS,5003.0,2
531100,,,STARFRUIT,SEASHELLS,4995.0,1
531300,,,STARFRUIT,SEASHELLS,4996.0,3
531500,,,STARFRUIT,SEASHELLS,4995.0,1
531800,,,STARFRUIT,SEASHELLS,4999.0,1
532400,,,STARFRUIT,SEASHELLS,4996.0,3
532500,,,STARFRUIT,SEASHELLS,4997.0,2
532800,,,STARFRUIT,SEASHELLS,4998.0,1
533000,,,STARFRUIT,SEASHELLS,4993.0,1
533200,,,STARFRUIT,SEASHELLS,4994.0,1
534100,,,STARFRUIT,SEASHELLS,4993.0,1
534400,,,STARFRUIT,SEASHELLS,4999.0,1
535400,,,STARFRUIT,SEASHELLS,4995.0,1
536000,,,STARFRUIT,SEASHELLS,4998.0,2
536100,,,STARFRUIT,SEASHELLS,5003.0,1
536200,,,STARFRUIT,SEASHELLS,4997.0,1
536300,,,STARFRUIT,SEASHELLS,4997.0,1
536900,,,STARFRUIT,SEASHELLS,4996.0,1
537300,,,STARFRUIT,SEASHELLS,5002.0,1
537600,,,STARFRUIT,SEASHELLS,5003.0,3
537700,,,STARFRUIT,SEASHELLS,5003.0,2
538200,,,STARFRUIT,SEASHELLS,5004.0,10
538300,,,STARFRUIT,SEASHELLS,4998.0,1
538700,,,STARFRUIT,SEASHELLS,5005.0,8
538800,,,STARFRUIT,SEASHELLS,5003.0,1
539400,,,STARFRUIT,SEASHELLS,4998.0,1
539500,,,STARFRUIT,SEASHELLS,5004.0,10
539600,,,STARFRUIT,SEASHELLS,4997.0,11
540300,,,STARFRUIT,SEASHELLS,4999.0,1
540400,,,STARFRUIT,SEASHELLS,4999.0,1
540700,,,STARFRUIT,SEASHELLS,5004.0,2
541200,,,STARFRUIT,SEASHELLS,5000.0,2
542000,,,STARFRUIT,SEASHELLS,4999.0,1
542100,,,STARFRUIT,SEASHELLS,5004.0,1
542200,,,STARFRUIT,SEASHELLS,4998.0,8
542400,,,STARFRUIT,SEASHELLS,4998.0,1
543100,,,STARFRUIT,SEASHELLS,5001.0,3
543300,,,STARFRUIT,SEASHELLS,5002.0,4
543500,,,STARFRUIT,SEASHELLS,4998.0,1
543800,,,STARFRUIT,SEASHELLS,4998.0,1
544100,,,STARFRUIT,SEASHELLS,4998.0,4
544400,,,STARFRUIT,SEASHELLS,5000.0,0
544500,,,STARFRUIT,SEASHELLS,4996.0,1
544600,,,STARFRUIT,SEASHELLS,5001.0,1
545200,,,STARFRUIT,SEASHELLS,4997.0,2
545900,,,STARFRUIT,SEASHELLS,4998.0,1
546400,,,STARFRUIT,SEASHELLS,4999.0,1
546500,,,STARFRUIT,SEASHELLS,5004.0,1
547100,,,STARFRUIT,SEASHELLS,4998.0,1
547600,,,STARFRUIT,SEASHELLS,5003.0,1
548400,,,STARFRUIT,SEASHELLS,4999.0,2
548500,,,STARFRUIT,SEASHELLS,4999.0,1
549200,,,STARFRUIT,SEASHELLS,5000.0,1
549300,,,STARFRUIT,SEASHELLS,5006.0,1
550000,,,STARFRUIT,SEASHELLS,5002.0,8
550500,,,STARFRUIT,SEASHELLS,5005.0,1
550600,,,STARFRUIT,SEASHELLS,5005.0,4
550800,,,STARFRUIT,SEASHELLS,5008.0,1
550900,,,STARFRUIT,SEASHELLS,5002.0,1
551000,,,STARFRUIT,SEASHELLS,5007.0,1
551300,,,STARFRUIT,SEASHELLS,5002.0,11
551400,,,STARFRUIT,SEASHELLS,5008.0,1
551600,,,STARFRUIT,SEASHELLS,5004.0,1
551700,,,STARFRUIT,SEASHELLS,5009.0,1
551900,,,STARFRUIT,SEASHELLS,5009.0,2
552000,,,STARFRUIT,SEASHELLS,5006.0,5
552300,,,STARFRUIT,SEASHELLS,5002.0,1
552600,,,STARFRUIT,SEASHELLS,5006.0,1
553000,,,STARFRUIT,SEASHELLS,5002.0,1
553600,,,STARFRUIT,SEASHELLS,5002.0,6
553700,,,STARFRUIT,SEASHELLS,5002.0,7
553900,,,STARFRUIT,SEASHELLS,5002.0,1
554300,,,STARFRUIT,SEASHELLS,5008.0,2
555100,,,STARFRUIT,SEASHELLS,5003.0,1
555300,,,STARFRUIT,SEASHELLS,5002.0,1
555400,,,STARFRUIT,SEASHELLS,5009.0,8
555600,,,STARFRUIT,SEASHELLS,5003.0,1
555700,,,STARFRUIT,SEASHELLS,5002.0,1
555800,,,STARFRUIT,SEASHELLS,5006.0,2
555900,,,STARFRUIT,SEASHELLS,5003.0,1
556000,,,STARFRUIT,SEASHELLS,5003.0,1
556700,,,STARFRUIT,SEASHELLS,5004.0,1
556900,,,STARFRUIT,SEASHELLS,5009.0,1
557900,,,STARFRUIT,SEASHELLS,5007.0,5
558300,,,STARFRUIT,SEASHELLS,5003.0,1
558800,,,STARFRUIT,SEASHELLS,5001.0,1
559300,,,STARFRUIT,SEASHELLS,5006.0,1
559700,,,STARFRUIT,SEASHELLS,5005.0,4
559900,,,STARFRUIT,SEASHELLS,5002.0,4
560300,,,STARFRUIT,SEASHELLS,5009.0,8
560500,,,STARFRUIT,SEASHELLS,5004.0,3
560600,,,STARFRUIT,SEASHELLS,5003.0,1
561100,,,STARFRUIT,SEASHELLS,5008.0,1
561500,,,STARFRUIT,SEASHELLS,5009.0,1
561700,,,STARFRUIT,SEASHELLS,5008.0,3
562100,,,STARFRUIT,SEASHELLS,5010.0,1
562500,,,STARFRUIT,SEASHELLS,5009.0,5
562800,,,STARFRUIT,SEASHELLS,5011.0,11
562900,,,STARFRUIT,SEASHELLS,5005.0,1
563400,,,STARFRUIT,SEASHELLS,5010.0,1
563600,,,STARFRUIT,SEASHELLS,5011.0,8
564100,,,STARFRUIT,SEASHELLS,5011.0,1
564800,,,STARFRUIT,SEASHELLS,5008.0,5
565600,,,STARFRUIT,SEASHELLS,5005.0,1
565700,,,STARFRUIT,SEASHELLS,5011.0,1
565900,,,STARFRUIT,SEASHELLS,5011.0,1
566000,,,STARFRUIT,SEASHELLS,5006.0,1
566200,,,STARFRUIT,SEASHELLS,5010.0,1
566600,,,STARFRUIT,SEASHELLS,5010.0,5
566800,,,STARFRUIT,SEASHELLS,5011.0,2
567000,,,STARFRUIT,SEASHELLS,5012.0,1
567200,,,STARFRUIT,SEASHELLS,5012.0,15
567300,,,STARFRUIT,SEASHELLS,5012.0,2
567400,,,STARFRUIT,SEASHELLS,5006.0,1
567700,,,STARFRUIT,SEASHELLS,5005.0,2
567800,,,STARFRUIT,SEASHELLS,5009.0,4
568400,,,STARFRUIT,SEASHELLS,5005.0,1
568500,,,STARFRUIT,SEASHELLS,5005.0,1
568700,,,STARFRUIT,SEASHELLS,5008.0,1
570500,,,STARFRUIT,SEASHELLS,5005.0,1
570700,,,STARFRUIT,SEASHELLS,5010.0,1
570800,,,STARFRUIT,SEASHELLS,5005.0,1
571200,,,STARFRUIT,SEASHELLS,5006.0,4
571300,,,STARFRUIT,SEASHELLS,5009.0,9
571900,,,STARFRUIT,SEASHELLS,5012.0,2
572600,,,STARFRUIT,SEASHELLS,5008.0,1
572900,,,STARFRUIT,SEASHELLS,5009.0,1
573000,,,STARFRUIT,SEASHELLS,5008.0,1
573300,,,STARFRUIT,SEASHELLS,5010.0,2
573800,,,STARFRUIT,SEASHELLS,5013.0,3
574000,,,STARFRUIT,SEASHELLS,5009.0,1
574500,,,STARFRUIT,SEASHELLS,5014.0,1
574600,,,STARFRUIT,SEASHELLS,5008.0,1
575000,,,STARFRUIT,SEASHELLS,5007.0,10
575800,,,STARFRUIT,SEASHELLS,5007.0,1
576100,,,STARFRUIT,SEASHELLS,5007.0,1
576300,,,STARFRUIT,SEASHELLS,5014.0,2
576700,,,STARFRUIT,SEASHELLS,5007.0,7
577000,,,STARFRUIT,SEASHELLS,5009.0,1
578200,,,STARFRUIT,SEASHELLS,5008.0,1
578300,,,STARFRUIT,SEASHELLS,5013.0,1
578400,,,STARFRUIT,SEASHELLS,5008.0,1
579300,,,STARFRUIT,SEASHELLS,5007.0,1
579600,,,STARFRUIT,SEASHELLS,5011.0,6
579800,,,STARFRUIT,SEASHELLS,5014.0,1
580700,,,STARFRUIT,SEASHELLS,5011.0,2
581200,,,STARFRUIT,SEASHELLS,5015.0,1
581300,,,STARFRUIT,SEASHELLS,5013.0,1
581700,,,STARFRUIT,SEASHELLS,5009.0,1
582200,,,STARFRUIT,SEASHELLS,5014.0,1
582700,,,STARFRUIT,SEASHELLS,5013.0,1
583700,,,STARFRUIT,SEASHELLS,5010.0,14
583800,,,STARFRUIT,SEASHELLS,5011.0,1
583900,,,STARFRUIT,SEASHELLS,5011.0,4
584000,,,STARFRUIT,SEASHELLS,5015.0,1
584200,,,STARFRUIT,SEASHELLS,5015.0,1
584400,,,STARFRUIT,SEASHELLS,5015.0,1
584800,,,STARFRUIT,SEASHELLS,5016.0,1
584900,,,STARFRUIT,SEASHELLS,5011.0,1
585100,,,STARFRUIT,SEASHELLS,5015.0,10
585500,,,STARFRUIT,SEASHELLS,5017.0,2
585800,,,STARFRUIT,SEASHELLS,5010.0,1
586200,,,STARFRUIT,SEASHELLS,5015.0,1
586500,,,STARFRUIT,SEASHELLS,5018.0,1
586800,,,STARFRUIT,SEASHELLS,5017.0,5
587100,,,STARFRUIT,SEASHELLS,5014.0,1
587200,,,STARFRUIT,SEASHELLS,5020.0,1
588600,,,STARFRUIT,SEASHELLS,5012.0,1
588800,,,STARFRUIT,SEASHELLS,5019.0,2
588900,,,STARFRUIT,SEASHELLS,5013.0,1
589000,,,STARFRUIT,SEASHELLS,5018.0,1
589100,,,STARFRUIT,SEASHELLS,5018.0,1
589700,,,STARFRUIT,SEASHELLS,5012.0,1
589800,,,STARFRUIT,SEASHELLS,5018.0,8
590600,,,STARFRUIT,SEASHELLS,5017.0,1
591300,,,STARFRUIT,SEASHELLS,5012.0,1
591500,,,STARFRUIT,SEASHELLS,5012.0,1
591900,,,STARFRUIT,SEASHELLS,5015.0,1
592200,,,STARFRUIT,SEASHELLS,5014.0,1
592400,,,STARFRUIT,SEASHELLS,5015.0,1
592500,,,STARFRUIT,SEASHELLS,5019.0,2
592900,,,STARFRUIT,SEASHELLS,5016.0,1
593100,,,STARFRUIT,SEASHELLS,5018.0,2
593300,,,STARFRUIT,SEASHELLS,5016.0,1
594800,,,STARFRUIT,SEASHELLS,5019.0,2
595000,,,STARFRUIT,SEASHELLS,5019.0,1
595300,,,STARFRUIT,SEASHELLS,5017.0,1
595400,,,STARFRUIT,SEASHELLS,5020.0,1
595500,,,STARFRUIT,SEASHELLS,5021.0,1
595700,,,STARFRUIT,SEASHELLS,5015.0,2
595800,,,STARFRUIT,SEASHELLS,5020.0,1
596100,,,STARFRUIT,SEASHELLS,5014.0,1
596300,,,STARFRUIT,SEASHELLS,5014.0,14
596600,,,STARFRUIT,SEASHELLS,5020.0,1
597500,,,STARFRUIT,SEASHELLS,5020.0,1
598000,,,STARFRUIT,SEASHELLS,5016.0,1
598200,,,STARFRUIT,SEASHELLS,5016.0,1
599000,,,STARFRUIT,SEASHELLS,5016.0,1
599100,,,STARFRUIT,SEASHELLS,5023.0,2
599300,,,STARFRUIT,SEASHELLS,5016.0,2
599400,,,STARFRUIT,SEASHELLS,5017.0,3
599600,,,STARFRUIT,SEASHELLS,5016.0,13
599700,,,STARFRUIT,SEASHELLS,5022.0,2
599800,,,STARFRUIT,SEASHELLS,5020.0,1
600000,,,STARFRUIT,SEASHELLS,5020.0,1
600200,,,STARFRUIT,SEASHELLS,5021.0,1
600400,,,STARFRUIT,SEASHELLS,5021.0,1
601500,,,STARFRUIT,SEASHELLS,5015.0,1
601600,,,STARFRUIT,SEASHELLS,5020.0,1
601700,,,STARFRUIT,SEASHELLS,5013.0,1
601900,,,STARFRUIT,SEASHELLS,5013.0,1
602400,,,STARFRUIT,SEASHELLS,5019.0,1
602700,,,STARFRUIT,SEASHELLS,5019.0,1
603000,,,STARFRUIT,SEASHELLS,5012.0,1
603600,,,STARFRUIT,SEASHELLS,5016.0,1
603900,,,STARFRUIT,SEASHELLS,5011.0,1
604100,,,STARFRUIT,SEASHELLS,5017.0,1
604800,,,STARFRUIT,SEASHELLS,5009.0,1
605200,,,STARFRUIT,SEASHELLS,5008.0,2
605300,,,STARFRUIT,SEASHELLS,5012.0,3
605700,,,STARFRUIT,SEASHELLS,5016.0,2
606100,,,STARFRUIT,SEASHELLS,5011.0,1
606200,,,STARFRUIT,SEASHELLS,5016.0,1
606300,,,STARFRUIT,SEASHELLS,5016.0,3
606600,,,STARFRUIT,SEASHELLS,5012.0,2
608100,,,STARFRUIT,SEASHELLS,5018.0,11
608400,,,STARFRUIT,SEASHELLS,5011.0,2
608800,,,STARFRUIT,SEASHELLS,5013.0,1
609100,,,STARFRUIT,SEASHELLS,5019.0,4
609700,,,STARFRUIT,SEASHELLS,5017.0,1
609800,,,STARFRUIT,SEASHELLS,5016.0,1
609900,,,STARFRUIT,SEASHELLS,5011.0,1
610100,,,STARFRUIT,SEASHELLS,5012.0,1
610200,,,STARFRUIT,SEASHELLS,5016.0,1
610400,,,STARFRUIT,SEASHELLS,5012.0,2
610800,,,STARFRUIT,SEASHELLS,5013.0,1
611700,,,STARFRUIT,SEASHELLS,5010.0,15
612300,,,STARFRUIT,SEASHELLS,5017.0,1
612400,,,STARFRUIT,SEASHELLS,5017.0,2
612500,,,STARFRUIT,SEASHELLS,5013.0,1
612900,,,STARFRUIT,SEASHELLS,5013.0,1
613100,,,STARFRUIT,SEASHELLS,5013.0,1
613700,,,STARFRUIT,SEASHELLS,5019.0,1
614000,,,STARFRUIT,SEASHELLS,5014.0,1
614400,,,STARFRUIT,SEASHELLS,5020.0,1
614800,,,STARFRUIT,SEASHELLS,5016.0,2
615100,,,STARFRUIT,SEASHELLS,5019.0,2
615300,,,STARFRUIT,SEASHELLS,5019.0,2
615700,,,STARFRUIT,SEASHELLS,5014.0,1
616600,,,STARFRUIT,SEASHELLS,5020.0,11
617300,,,STARFRUIT,SEASHELLS,5013.0,1
617600,,,STARFRUIT,SEASHELLS,5013.0,7
617700,,,STARFRUIT,SEASHELLS,5012.0,2
618400,,,STARFRUIT,SEASHELLS,5012.0,1
618800,,,STARFRUIT,SEASHELLS,5016.0,5
619000,,,STARFRUIT,SEASHELLS,5011.0,1
619200,,,STARFRUIT,SEASHELLS,5016.0,1
619400,,,STARFRUIT,SEASHELLS,5012.0,1
619500,,,STARFRUIT,SEASHELLS,5011.0,1
620500,,,STARFRUIT,SEASHELLS,5017.0,1
621700,,,STARFRUIT,SEASHELLS,5010.0,8
621900,,,STARFRUIT,SEASHELLS,5016.0,1
622300,,,STARFRUIT,SEASHELLS,5011.0,2
622500,,,STARFRUIT,SEASHELLS,5017.0,1
622800,,,STARFRUIT,SEASHELLS,5018.0,2
623500,,,STARFRUIT,SEASHELLS,5013.0,1
623600,,,STARFRUIT,SEASHELLS,5013.0,1
624500,,,STARFRUIT,SEASHELLS,5010.0,8
624600,,,STARFRUIT,SEASHELLS,5014.0,10
624700,,,STARFRUIT,SEASHELLS,5009.0,1
625700,,,STARFRUIT,SEASHELLS,5011.0,13
625800,,,STARFRUIT,SEASHELLS,5018.0,1
626300,,,STARFRUIT,SEASHELLS,5017.0,1
626800,,,STARFRUIT,SEASHELLS,5017.0,1
626900,,,STARFRUIT,SEASHELLS,5011.0,1
627200,,,STARFRUIT,SEASHELLS,5012.0,1
627300,,,STARFRUIT,SEASHELLS,5012.0,1
627700,,,STARFRUIT,SEASHELLS,5017.0,1
627800,,,STARFRUIT,SEASHELLS,5018.0,1
628300,,,STARFRUIT,SEASHELLS,5013.0,1
628400,,,STARFRUIT,SEASHELLS,5017.0,1
628700,,,STARFRUIT,SEASHELLS,5011.0,2
628800,,,STARFRUIT,SEASHELLS,5016.0,1
629200,,,STARFRUIT,SEASHELLS,5009.0,1
629700,,,STARFRUIT,SEASHELLS,5016.0,14
629900,,,STARFRUIT,SEASHELLS,5009.0,2
630100,,,STARFRUIT,SEASHELLS,5009.0,1
630300,,,STARFRUIT,SEASHELLS,5015.0,2
630500,,,STARFRUIT,SEASHELLS,5009.0,1
630900,,,STARFRUIT,SEASHELLS,5011.0,3
631300,,,STARFRUIT,SEASHELLS,5013.0,1
631500,,,STARFRUIT,SEASHELLS,5009.0,3
631800,,,STARFRUIT,SEASHELLS,5008.0,4
632300,,,STARFRUIT,SEASHELLS,5009.0,9
633100,,,STARFRUIT,SEASHELLS,5010.0,1
633600,,,STARFRUIT,SEASHELLS,5010.0,6
633700,,,STARFRUIT,SEASHELLS,5017.0,1
634000,,,STARFRUIT,SEASHELLS,5016.0,1
634100,,,STARFRUIT,SEASHELLS,5011.0,1
634400,,,STARFRUIT,SEASHELLS,5017.0,1
634500,,,STARFRUIT,SEASHELLS,5011.0,1
635000,,,STARFRUIT,SEASHELLS,5012.0,1
635400,,,STARFRUIT,SEASHELLS,5018.0,1
635500,,,STARFRUIT,SEASHELLS,5019.0,14
635600,,,STARFRUIT,SEASHELLS,5013.0,8
635700,,,STARFRUIT,SEASHELLS,5017.0,1
636000,,,STARFRUIT,SEASHELLS,5017.0,1
637500,,,STARFRUIT,SEASHELLS,5008.0,1
637600,,,STARFRUIT,SEASHELLS,5015.0,2
637900,,,STARFRUIT,SEASHELLS,5016.0,2
638200,,,STARFRUIT,SEASHELLS,5016.0,1
638300,,,STARFRUIT,SEASHELLS,5016.0,1
638500,,,STARFRUIT,SEASHELLS,5012.0,1
638800,,,STARFRUIT,SEASHELLS,5018.0,1
639000,,,STARFRUIT,SEASHELLS,5017.0,1
639300,,,STARFRUIT,SEASHELLS,5011.0,1
639700,,,STARFRUIT,SEASHELLS,5012.0,2
639900,,,STARFRUIT,SEASHELLS,5011.0,1
640000,,,STARFRUIT,SEASHELLS,5011.0,1
640700,,,STARFRUIT,SEASHELLS,5018.0,11
641200,,,STARFRUIT,SEASHELLS,5016.0,3
641400,,,STARFRUIT,SEASHELLS,5016.0,1
642000,,,STARFRUIT,SEASHELLS,5015.0,1
642100,,,STARFRUIT,SEASHELLS,5011.0,1
642300,,,STARFRUIT,SEASHELLS,5011.0,1
642700,,,STARFRUIT,SEASHELLS,5017.0,2
643000,,,STARFRUIT,SEASHELLS,5016.0,1
643400,,,STARFRUIT,SEASHELLS,5011.0,1
643500,,,STARFRUIT,SEASHELLS,5011.0,7
643600,,,STARFRUIT,SEASHELLS,5010.0,1
644100,,,STARFRUIT,SEASHELLS,5010.0,1
644400,,,STARFRUIT,SEASHELLS,5009.0,1
644500,,,STARFRUIT,SEASHELLS,5009.0,1
644600,,,STARFRUIT,SEASHELLS,5009.0,2
644700,,,STARFRUIT,SEASHELLS,5016.0,5
646100,,,STARFRUIT,SEASHELLS,5009.0,12
647400,,,STARFRUIT,SEASHELLS,5009.0,1
647500,,,STARFRUIT,SEASHELLS,5009.0,1
647600,,,STARFRUIT,SEASHELLS,5013.0,3
648000,,,STARFRUIT,SEASHELLS,5011.0,1
648500,,,STARFRUIT,SEASHELLS,5011.0,1
648700,,,STARFRUIT,SEASHELLS,5011.0,1
648900,,,STARFRUIT,SEASHELLS,5011.0,1
649100,,,STARFRUIT,SEASHELLS,5010.0,1
649200,,,STARFRUIT,SEASHELLS,5011.0,6
649700,,,STARFRUIT,SEASHELLS,5009.0,8
649900,,,STARFRUIT,SEASHELLS,5010.0,9
650300,,,STARFRUIT,SEASHELLS,5017.0,1
651000,,,STARFRUIT,SEASHELLS,5015.0,2
651100,,,STARFRUIT,SEASHELLS,5013.0,2
651300,,,STARFRUIT,SEASHELLS,5009.0,1
651500,,,STARFRUIT,SEASHELLS,5009.0,1
651600,,,STARFRUIT,SEASHELLS,5014.0,1
651700,,,STARFRUIT,SEASHELLS,5009.0,1
651900,,,STARFRUIT,SEASHELLS,5008.0,1
652100,,,STARFRUIT,SEASHELLS,5009.0,1
652500,,,STARFRUIT,SEASHELLS,5017.0,1
653800,,,STARFRUIT,SEASHELLS,5010.0,1
653900,,,STARFRUIT,SEASHELLS,5010.0,3
654600,,,STARFRUIT,SEASHELLS,5009.0,0
655400,,,STARFRUIT,SEASHELLS,5010.0,8
656000,,,STARFRUIT,SEASHELLS,5016.0,5
656800,,,STARFRUIT,SEASHELLS,5010.0,2
657500,,,STARFRUIT,SEASHELLS,5008.0,1
658400,,,STARFRUIT,SEASHELLS,5008.0,1
658800,,,STARFRUIT,SEASHELLS,5008.0,1
658900,,,STARFRUIT,SEASHELLS,5013.0,1
659500,,,STARFRUIT,SEASHELLS,5016.0,1
659800,,,STARFRUIT,SEASHELLS,5017.0,7
660200,,,STARFRUIT,SEASHELLS,5011.0,1
660500,,,STARFRUIT,SEASHELLS,5012.0,1
660600,,,STARFRUIT,SEASHELLS,5019.0,5
660700,,,STARFRUIT,SEASHELLS,5016.0,4
661000,,,STARFRUIT,SEASHELLS,5013.0,1
661100,,,STARFRUIT,SEASHELLS,5017.0,4
662200,,,STARFRUIT,SEASHELLS,5015.0,1
662300,,,STARFRUIT,SEASHELLS,5016.0,1
662500,,,STARFRUIT,SEASHELLS,5016.0,1
662600,,,STARFRUIT,SEASHELLS,5023.0,2
662900,,,STARFRUIT,SEASHELLS,5018.0,1
663000,,,STARFRUIT,SEASHELLS,5024.0,2
664700,,,STARFRUIT,SEASHELLS,5024.0,2
664800,,,STARFRUIT,SEASHELLS,5022.0,1
664900,,,STARFRUIT,SEASHELLS,5017.0,2
665000,,,STARFRUIT,SEASHELLS,5018.0,1
665200,,,STARFRUIT,SEASHELLS,5018.0,8
665400,,,STARFRUIT,SEASHELLS,5017.0,2
665500,,,STARFRUIT,SEASHELLS,5017.0,1
665700,,,STARFRUIT,SEASHELLS,5024.0,2
666600,,,STARFRUIT,SEASHELLS,5023.0,1
666700,,,STARFRUIT,SEASHELLS,5018.0,1
666800,,,STARFRUIT,SEASHELLS,5024.0,1
667400,,,STARFRUIT,SEASHELLS,5022.0,5
667700,,,STARFRUIT,SEASHELLS,5021.0,5
667800,,,STARFRUIT,SEASHELLS,5022.0,5
668300,,,STARFRUIT,SEASHELLS,5024.0,1
668400,,,STARFRUIT,SEASHELLS,5019.0,1
668800,,,STARFRUIT,SEASHELLS,5019.0,1
669100,,,STARFRUIT,SEASHELLS,5024.0,2
669400,,,STARFRUIT,SEASHELLS,5018.0,5
669600,,,STARFRUIT,SEASHELLS,5022.0,1
669700,,,STARFRUIT,SEASHELLS,5018.0,1
669900,,,STARFRUIT,SEASHELLS,5023.0,1
670700,,,STARFRUIT,SEASHELLS,5025.0,7
670800,,,STARFRUIT,SEASHELLS,5018.0,1
671200,,,STARFRUIT,SEASHELLS,5022.0,2
671600,,,STARFRUIT,SEASHELLS,5018.0,1
671800,,,STARFRUIT,SEASHELLS,5024.0,8
672600,,,STARFRUIT,SEASHELLS,5023.0,1
673000,,,STARFRUIT,SEASHELLS,5017.0,6
673200,,,STARFRUIT,SEASHELLS,5021.0,2
673700,,,STARFRUIT,SEASHELLS,5017.0,2
673900,,,STARFRUIT,SEASHELLS,5019.0,1
674600,,,STARFRUIT,SEASHELLS,5027.0,2
674700,,,STARFRUIT,SEASHELLS,5020.0,1
674800,,,STARFRUIT,SEASHELLS,5020.0,8
675600,,,STARFRUIT,SEASHELLS,5022.0,1
675800,,,STARFRUIT,SEASHELLS,5023.0,5
675900,,,STARFRUIT,SEASHELLS,5029.0,2
677500,,,STARFRUIT,SEASHELLS,5025.0,1
677600,,,STARFRUIT,SEASHELLS,5031.0,4
677700,,,STARFRUIT,SEASHELLS,5025.0,2
677800,,,STARFRUIT,SEASHELLS,5025.0,2
678000,,,STARFRUIT,SEASHELLS,5030.0,1
678100,,,STARFRUIT,SEASHELLS,5029.0,1
678400,,,STARFRUIT,SEASHELLS,5024.0,4
678600,,,STARFRUIT,SEASHELLS,5024.0,1
679000,,,STARFRUIT,SEASHELLS,5030.0,1
679100,,,STARFRUIT,SEASHELLS,5031.0,1
679300,,,STARFRUIT,SEASHELLS,5026.0,2
679900,,,STARFRUIT,SEASHELLS,5033.0,15
680000,,,STARFRUIT,SEASHELLS,5029.0,5
680500,,,STARFRUIT,SEASHELLS,5032.0,1
680600,,,STARFRUIT,SEASHELLS,5026.0,3
680900,,,STARFRUIT,SEASHELLS,5030.0,1
681600,,,STARFRUIT,SEASHELLS,5023.0,2
682000,,,STARFRUIT,SEASHELLS,5022.0,8
682300,,,STARFRUIT,SEASHELLS,5026.0,8
682700,,,STARFRUIT,SEASHELLS,5022.0,1
683200,,,STARFRUIT,SEASHELLS,5025.0,1
683300,,,STARFRUIT,SEASHELLS,5023.0,5
683600,,,STARFRUIT,SEASHELLS,5021.0,1
684100,,,STARFRUIT,SEASHELLS,5027.0,1
684900,,,STARFRUIT,SEASHELLS,5024.0,7
685500,,,STARFRUIT,SEASHELLS,5026.0,2
685900,,,STARFRUIT,SEASHELLS,5023.0,1
686300,,,STARFRUIT,SEASHELLS,5029.0,7
687100,,,STARFRUIT,SEASHELLS,5030.0,1
687200,,,STARFRUIT,SEASHELLS,5025.0,1
687400,,,STARFRUIT,SEASHELLS,5026.0,1
687500,,,STARFRUIT,SEASHELLS,5032.0,11
687700,,,STARFRUIT,SEASHELLS,5031.0,2
687900,,,STARFRUIT,SEASHELLS,5026.0,1
688000,,,STARFRUIT,SEASHELLS,5026.0,1
688300,,,STARFRUIT,SEASHELLS,5025.0,1
688800,,,STARFRUIT,SEASHELLS,5027.0,3
688900,,,STARFRUIT,SEASHELLS,5026.0,1
689200,,,STARFRUIT,SEASHELLS,5026.0,1
689600,,,STARFRUIT,SEASHELLS,5028.0,6
690000,,,STARFRUIT,SEASHELLS,5031.0,1
690200,,,STARFRUIT,SEASHELLS,5026.0,1
690700,,,STARFRUIT,SEASHELLS,5026.0,1
691000,,,STARFRUIT,SEASHELLS,5031.0,6
691500,,,STARFRUIT,SEASHELLS,5032.0,15
691900,,,STARFRUIT,SEASHELLS,5031.0,2
693200,,,STARFRUIT,SEASHELLS,5023.0,1
693300,,,STARFRUIT,SEASHELLS,5028.0,1
693400,,,STARFRUIT,SEASHELLS,5024.0,2
693500,,,STARFRUIT,SEASHELLS,5028.0,1
693900,,,STARFRUIT,SEASHELLS,5022.0,1
694200,,,STARFRUIT,SEASHELLS,5022.0,1
694300,,,STARFRUIT,SEASHELLS,5027.0,1
694500,,,STARFRUIT,SEASHELLS,5027.0,1
694700,,,STARFRUIT,SEASHELLS,5026.0,5
694800,,,STARFRUIT,SEASHELLS,5028.0,1
695800,,,STARFRUIT,SEASHELLS,5020.0,1
696000,,,STARFRUIT,SEASHELLS,5020.0,2
696800,,,STARFRUIT,SEASHELLS,5027.0,2
696900,,,STARFRUIT,SEASHELLS,5020.0,14
697000,,,STARFRUIT,SEASHELLS,5025.0,1
697200,,,STARFRUIT,SEASHELLS,5023.0,3
697400,,,STARFRUIT,SEASHELLS,5020.0,1
697600,,,STARFRUIT,SEASHELLS,5026.0,1
699100,,,STARFRUIT,SEASHELLS,5020.0,1
699300,,,STARFRUIT,SEASHELLS,5025.0,1
699900,,,STARFRUIT,SEASHELLS,5020.0,1
700600,,,STARFRUIT,SEASHELLS,5020.0,1
700700,,,STARFRUIT,SEASHELLS,5026.0,1
700900,,,STARFRUIT,SEASHELLS,5025.0,2
701300,,,STARFRUIT,SEASHELLS,5028.0,1
701400,,,STARFRUIT,SEASHELLS,5027.0,1
701700,,,STARFRUIT,SEASHELLS,5021.0,1
702200,,,STARFRUIT,SEASHELLS,5021.0,11
702300,,,STARFRUIT,SEASHELLS,5020.0,15
702500,,,STARFRUIT,SEASHELLS,5025.0,2
702600,,,STARFRUIT,SEASHELLS,5025.0,4
702900,,,STARFRUIT,SEASHELLS,5020.0,1
703000,,,STARFRUIT,SEASHELLS,5020.0,1
703600,,,STARFRUIT,SEASHELLS,5019.0,2
703700,,,STARFRUIT,SEASHELLS,5019.0,1
704500,,,STARFRUIT,SEASHELLS,5025.0,6
705100,,,STARFRUIT,SEASHELLS,5024.0,2
705500,,,STARFRUIT,SEASHELLS,5019.0,1
705800,,,STARFRUIT,SEASHELLS,5026.0,1
705900,,,STARFRUIT,SEASHELLS,5022.0,2
706100,,,STARFRUIT,SEASHELLS,5021.0,1
706400,,,STARFRUIT,SEASHELLS,5021.0,11
706700,,,STARFRUIT,SEASHELLS,5026.0,9
706800,,,STARFRUIT,SEASHELLS,5021.0,1
706900,,,STARFRUIT,SEASHELLS,5021.0,1
707000,,,STARFRUIT,SEASHELLS,5027.0,1
707400,,,STARFRUIT,SEASHELLS,5026.0,4
707600,,,STARFRUIT,SEASHELLS,5022.0,1
707800,,,STARFRUIT,SEASHELLS,5028.0,7
707900,,,STARFRUIT,SEASHELLS,5025.0,3
708200,,,STARFRUIT,SEASHELLS,5021.0,2
708500,,,STARFRUIT,SEASHELLS,5022.0,1
708600,,,STARFRUIT,SEASHELLS,5026.0,3
708900,,,STARFRUIT,SEASHELLS,5022.0,1
709400,,,STARFRUIT,SEASHELLS,5030.0,1
709500,,,STARFRUIT,SEASHELLS,5029.0,1
709700,,,STARFRUIT,SEASHELLS,5024.0,3
709800,,,STARFRUIT,SEASHELLS,5024.0,5
710500,,,STARFRUIT,SEASHELLS,5023.0,2
711000,,,STARFRUIT,SEASHELLS,5024.0,1
711100,,,STARFRUIT,SEASHELLS,5024.0,1
711300,,,STARFRUIT,SEASHELLS,5024.0,2
711400,,,STARFRUIT,SEASHELLS,5024.0,1
711500,,,STARFRUIT,SEASHELLS,5031.0,1
711600,,,STARFRUIT,SEASHELLS,5024.0,2
712400,,,STARFRUIT,SEASHELLS,5025.0,1
712500,,,STARFRUIT,SEASHELLS,5025.0,1
713200,,,STARFRUIT,SEASHELLS,5025.0,1
713500,,,STARFRUIT,SEASHELLS,5030.0,1
713700,,,STARFRUIT,SEASHELLS,5032.0,9
713800,,,STARFRUIT,SEASHELLS,5032.0,5
714800,,,STARFRUIT,SEASHELLS,5028.0,4
715500,,,STARFRUIT,SEASHELLS,5025.0,2
715600,,,STARFRUIT,SEASHELLS,5030.0,1
717000,,,STARFRUIT,SEASHELLS,5028.0,1
717200,,,STARFRUIT,SEASHELLS,5033.0,1
717300,,,STARFRUIT,SEASHELLS,5028.0,2
717900,,,STARFRUIT,SEASHELLS,5029.0,1
718600,,,STARFRUIT,SEASHELLS,5029.0,1
718700,,,STARFRUIT,SEASHELLS,5035.0,2
718800,,,STARFRUIT,SEASHELLS,5028.0,1
719200,,,STARFRUIT,SEASHELLS,5030.0,10
719300,,,STARFRUIT,SEASHELLS,5034.0,1
720600,,,STARFRUIT,SEASHELLS,5037.0,3
720700,,,STARFRUIT,SEASHELLS,5033.0,1
721100,,,STARFRUIT,SEASHELLS,5033.0,2
721200,,,STARFRUIT,SEASHELLS,5033.0,3
721600,,,STARFRUIT,SEASHELLS,5037.0,1
721800,,,STARFRUIT,SEASHELLS,5038.0,13
721900,,,STARFRUIT,SEASHELLS,5032.0,1
722000,,,STARFRUIT,SEASHELLS,5036.0,2
722900,,,STARFRUIT,SEASHELLS,5033.0,2
723000,,,STARFRUIT,SEASHELLS,5033.0,2
723300,,,STARFRUIT,SEASHELLS,5033.0,2
723400,,,STARFRUIT,SEASHELLS,5039.0,1
723500,,,STARFRUIT,SEASHELLS,5033.0,1
723600,,,STARFRUIT,SEASHELLS,5033.0,1
723700,,,STARFRUIT,SEASHELLS,5032.0,1
723800,,,STARFRUIT,SEASHELLS,5032.0,7
724000,,,STARFRUIT,SEASHELLS,5033.0,7
724100,,,STARFRUIT,SEASHELLS,5034.0,1
724300,,,STARFRUIT,SEASHELLS,5040.0,14
724600,,,STARFRUIT,SEASHELLS,5032.0,1
724900,,,STARFRUIT,SEASHELLS,5031.0,1
725800,,,STARFRUIT,SEASHELLS,5032.0,1
725900,,,STARFRUIT,SEASHELLS,5031.0,1
727100,,,STARFRUIT,SEASHELLS,5033.0,2
727900,,,STARFRUIT,SEASHELLS,5033.0,3
728400,,,STARFRUIT,SEASHELLS,5029.0,1
728600,,,STARFRUIT,SEASHELLS,5029.0,1
729500,,,STARFRUIT,SEASHELLS,5030.0,1
729800,,,STARFRUIT,SEASHELLS,5028.0,1
730000,,,STARFRUIT,SEASHELLS,5032.0,3
730700,,,STARFRUIT,SEASHELLS,5035.0,2
730800,,,STARFRUIT,SEASHELLS,5029.0,1
731200,,,STARFRUIT,SEASHELLS,5035.0,2
731400,,,STARFRUIT,SEASHELLS,5033.0,1
732600,,,STARFRUIT,SEASHELLS,5030.0,2
732700,,,STARFRUIT,SEASHELLS,5030.0,1
732800,,,STARFRUIT,SEASHELLS,5030.0,1
733200,,,STARFRUIT,SEASHELLS,5036.0,1
733300,,,STARFRUIT,SEASHELLS,5030.0,1
733500,,,STARFRUIT,SEASHELLS,5036.0,1
733900,,,STARFRUIT,SEASHELLS,5031.0,1
734800,,,STARFRUIT,SEASHELLS,5030.0,2
736500,,,STARFRUIT,SEASHELLS,5032.0,2
737700,,,STARFRUIT,SEASHELLS,5026.0,6
737900,,,STARFRUIT,SEASHELLS,5032.0,1
738000,,,STARFRUIT,SEASHELLS,5026.0,1
738100,,,STARFRUIT,SEASHELLS,5026.0,1
738300,,,STARFRUIT,SEASHELLS,5030.0,1
738700,,,STARFRUIT,SEASHELLS,5028.0,2
738800,,,STARFRUIT,SEASHELLS,5026.0,2
738900,,,STARFRUIT,SEASHELLS,5032.0,1
739300,,,STARFRUIT,SEASHELLS,5027.0,1
739900,,,STARFRUIT,SEASHELLS,5028.0,1
740800,,,STARFRUIT,SEASHELLS,5033.0,3
741300,,,STARFRUIT,SEASHELLS,5035.0,1
741500,,,STARFRUIT,SEASHELLS,5034.0,1
742100,,,STARFRUIT,SEASHELLS,5029.0,1
742300,,,STARFRUIT,SEASHELLS,5028.0,15
742400,,,STARFRUIT,SEASHELLS,5034.0,2
742700,,,STARFRUIT,SEASHELLS,5030.0,2
743100,,,STARFRUIT,SEASHELLS,5035.0,2
743600,,,STARFRUIT,SEASHELLS,5030.0,3
743800,,,STARFRUIT,SEASHELLS,5032.0,5
743900,,,STARFRUIT,SEASHELLS,5027.0,1
744100,,,STARFRUIT,SEASHELLS,5027.0,1
744500,,,STARFRUIT,SEASHELLS,5034.0,9
744700,,,STARFRUIT,SEASHELLS,5033.0,1
745400,,,STARFRUIT,SEASHELLS,5028.0,6
745700,,,STARFRUIT,SEASHELLS,5032.0,1
746100,,,STARFRUIT,SEASHELLS,5027.0,2
746900,,,STARFRUIT,SEASHELLS,5027.0,1
747100,,,STARFRUIT,SEASHELLS,5033.0,14
747300,,,STARFRUIT,SEASHELLS,5026.0,1
747600,,,STARFRUIT,SEASHELLS,5026.0,1
747800,,,STARFRUIT,SEASHELLS,5026.0,7
747900,,,STARFRUIT,SEASHELLS,5026.0,4
748000,,,STARFRUIT,SEASHELLS,5027.0,1
748100,,,STARFRUIT,SEASHELLS,5034.0,2
748500,,,STARFRUIT,SEASHELLS,5027.0,2
748600,,,STARFRUIT,SEASHELLS,5032.0,1
748800,,,STARFRUIT,SEASHELLS,5028.0,1
749300,,,STARFRUIT,SEASHELLS,5032.0,2
749900,,,STARFRUIT,SEASHELLS,5029.0,10
750500,,,STARFRUIT,SEASHELLS,5030.0,1
751100,,,STARFRUIT,SEASHELLS,5035.0,1
751300,,,STARFRUIT,SEASHELLS,5030.0,1
751800,,,STARFRUIT,SEASHELLS,5037.0,1
752200,,,STARFRUIT,SEASHELLS,5039.0,1
752600,,,STARFRUIT,SEASHELLS,5037.0,7
752700,,,STARFRUIT,SEASHELLS,5033.0,1
753200,,,STARFRUIT,SEASHELLS,5032.0,1
753500,,,STARFRUIT,SEASHELLS,5033.0,1
753700,,,STARFRUIT,SEASHELLS,5032.0,1
754900,,,STARFRUIT,SEASHELLS,5031.0,10
755600,,,STARFRUIT,SEASHELLS,5032.0,1
755800,,,STARFRUIT,SEASHELLS,5032.0,1
756000,,,STARFRUIT,SEASHELLS,5034.0,1
756200,,,STARFRUIT,SEASHELLS,5033.0,1
757000,,,STARFRUIT,SEASHELLS,5034.0,2
757400,,,STARFRUIT,SEASHELLS,5039.0,9
757500,,,STARFRUIT,SEASHELLS,5031.0,1
757700,,,STARFRUIT,SEASHELLS,5031.0,1
758400,,,STARFRUIT,SEASHELLS,5032.0,13
758900,,,STARFRUIT,SEASHELLS,5031.0,12
759100,,,STARFRUIT,SEASHELLS,5037.0,1
759200,,,STARFRUIT,SEASHELLS,5038.0,1
759300,,,STARFRUIT,SEASHELLS,5031.0,1
759400,,,STARFRUIT,SEASHELLS,5032.0,3
759800,,,STARFRUIT,SEASHELLS,5034.0,3
760700,,,STARFRUIT,SEASHELLS,5031.0,1
761000,,,STARFRUIT,SEASHELLS,5037.0,1
761100,,,STARFRUIT,SEASHELLS,5031.0,1
761200,,,STARFRUIT,SEASHELLS,5032.0,4
761400,,,STARFRUIT,SEASHELLS,5031.0,1
761800,,,STARFRUIT,SEASHELLS,5031.0,1
762200,,,STARFRUIT,SEASHELLS,5032.0,1
762400,,,STARFRUIT,SEASHELLS,5035.0,2
762600,,,STARFRUIT,SEASHELLS,5039.0,2
762700,,,STARFRUIT,SEASHELLS,5035.0,4
763400,,,STARFRUIT,SEASHELLS,5037.0,2
763700,,,STARFRUIT,SEASHELLS,5032.0,1
764300,,,STARFRUIT,SEASHELLS,5038.0,10
764600,,,STARFRUIT,SEASHELLS,5032.0,1
765600,,,STARFRUIT,SEASHELLS,5033.0,1
766000,,,STARFRUIT,SEASHELLS,5039.0,1
766500,,,STARFRUIT,SEASHELLS,5033.0,9
767500,,,STARFRUIT,SEASHELLS,5034.0,2
767900,,,STARFRUIT,SEASHELLS,5033.0,1
768800,,,STARFRUIT,SEASHELLS,5035.0,1
769200,,,STARFRUIT,SEASHELLS,5042.0,10
769300,,,STARFRUIT,SEASHELLS,5042.0,1
769700,,,STARFRUIT,SEASHELLS,5042.0,1
770500,,,STARFRUIT,SEASHELLS,5038.0,1
770900,,,STARFRUIT,SEASHELLS,5041.0,3
772400,,,STARFRUIT,SEASHELLS,5044.0,1
772500,,,STARFRUIT,SEASHELLS,5039.0,4
773300,,,STARFRUIT,SEASHELLS,5040.0,9
773800,,,STARFRUIT,SEASHELLS,5040.0,4
774000,,,STARFRUIT,SEASHELLS,5045.0,1
774400,,,STARFRUIT,SEASHELLS,5045.0,1
774800,,,STARFRUIT,SEASHELLS,5045.0,1
775500,,,STARFRUIT,SEASHELLS,5045.0,1
775600,,,STARFRUIT,SEASHELLS,5044.0,1
775800,,,STARFRUIT,SEASHELLS,5044.0,1
775900,,,STARFRUIT,SEASHELLS,5038.0,1
776100,,,STARFRUIT,SEASHELLS,5044.0,1
776300,,,STARFRUIT,SEASHELLS,5045.0,1
776400,,,STARFRUIT,SEASHELLS,5038.0,1
776500,,,STARFRUIT,SEASHELLS,5039.0,4
777000,,,STARFRUIT,SEASHELLS,5043.0,1
777200,,,STARFRUIT,SEASHELLS,5043.0,4
777400,,,STARFRUIT,SEASHELLS,5039.0,2
777600,,,STARFRUIT,SEASHELLS,5040.0,4
777800,,,STARFRUIT,SEASHELLS,5043.0,7
778200,,,STARFRUIT,SEASHELLS,5042.0,2
778500,,,STARFRUIT,SEASHELLS,5045.0,9
779000,,,STARFRUIT,SEASHELLS,5044.0,8
779100,,,STARFRUIT,SEASHELLS,5040.0,2
779800,,,STARFRUIT,SEASHELLS,5042.0,1
779900,,,STARFRUIT,SEASHELLS,5043.0,1
780100,,,STARFRUIT,SEASHELLS,5036.0,1
780200,,,STARFRUIT,SEASHELLS,5037.0,9
780500,,,STARFRUIT,SEASHELLS,5042.0,1
780700,,,STARFRUIT,SEASHELLS,5039.0,4
780900,,,STARFRUIT,SEASHELLS,5042.0,4
781000,,,STARFRUIT,SEASHELLS,5043.0,1
781100,,,STARFRUIT,SEASHELLS,5045.0,2
781200,,,STARFRUIT,SEASHELLS,5039.0,1
781300,,,STARFRUIT,SEASHELLS,5042.0,1
781500,,,STARFRUIT,SEASHELLS,5039.0,1
781600,,,STARFRUIT,SEASHELLS,5039.0,1
782200,,,STARFRUIT,SEASHELLS,5039.0,1
782300,,,STARFRUIT,SEASHELLS,5039.0,1
782700,,,STARFRUIT,SEASHELLS,5046.0,1
784000,,,STARFRUIT,SEASHELLS,5040.0,15
784100,,,STARFRUIT,SEASHELLS,5040.0,1
784700,,,STARFRUIT,SEASHELLS,5045.0,1
784800,,,STARFRUIT,SEASHELLS,5042.0,2
785100,,,STARFRUIT,SEASHELLS,5038.0,12
785700,,,STARFRUIT,SEASHELLS,5046.0,1
786500,,,STARFRUIT,SEASHELLS,5045.0,4
786900,,,STARFRUIT,SEASHELLS,5046.0,1
787500,,,STARFRUIT,SEASHELLS,5043.0,3
788100,,,STARFRUIT,SEASHELLS,5043.0,1
788300,,,STARFRUIT,SEASHELLS,5049.0,1
788700,,,STARFRUIT,SEASHELLS,5048.0,1
788900,,,STARFRUIT,SEASHELLS,5049.0,2
790000,,,STARFRUIT,SEASHELLS,5043.0,1
790400,,,STARFRUIT,SEASHELLS,5046.0,4
790500,,,STARFRUIT,SEASHELLS,5049.0,4
790600,,,STARFRUIT,SEASHELLS,5050.0,1
790700,,,STARFRUIT,SEASHELLS,5045.0,1
792000,,,STARFRUIT,SEASHELLS,5049.0,1
792100,,,STARFRUIT,SEASHELLS,5049.0,1
792200,,,STARFRUIT,SEASHELLS,5048.0,1
792300,,,STARFRUIT,SEASHELLS,5048.0,1
792800,,,STARFRUIT,SEASHELLS,5044.0,1
792900,,,STARFRUIT,SEASHELLS,5044.0,1
793400,,,STARFRUIT,SEASHELLS,5049.0,1
793500,,,STARFRUIT,SEASHELLS,5044.0,1
793800,,,STARFRUIT,SEASHELLS,5046.0,2
795500,,,STARFRUIT,SEASHELLS,5051.0,1
796600,,,STARFRUIT,SEASHELLS,5045.0,1
796900,,,STARFRUIT,SEASHELLS,5045.0,1
797300,,,STARFRUIT,SEASHELLS,5050.0,1
797600,,,STARFRUIT,SEASHELLS,5046.0,3
797800,,,STARFRUIT,SEASHELLS,5050.0,1
797900,,,STARFRUIT,SEASHELLS,5051.0,2
798100,,,STARFRUIT,SEASHELLS,5048.0,1
798600,,,STARFRUIT,SEASHELLS,5048.0,2
799200,,,STARFRUIT,SEASHELLS,5044.0,1
799300,,,STARFRUIT,SEASHELLS,5050.0,2
799500,,,STARFRUIT,SEASHELLS,5044.0,1
799800,,,STARFRUIT,SEASHELLS,5052.0,2
799900,,,STARFRUIT,SEASHELLS,5051.0,1
800700,,,STARFRUIT,SEASHELLS,5046.0,4
801100,,,STARFRUIT,SEASHELLS,5052.0,1
801200,,,STARFRUIT,SEASHELLS,5045.0,1
802100,,,STARFRUIT,SEASHELLS,5045.0,1
803200,,,STARFRUIT,SEASHELLS,5049.0,2
803300,,,STARFRUIT,SEASHELLS,5043.0,1
803700,,,STARFRUIT,SEASHELLS,5049.0,1
803900,,,STARFRUIT,SEASHELLS,5049.0,1
804700,,,STARFRUIT,SEASHELLS,5045.0,1
804800,,,STARFRUIT,SEASHELLS,5046.0,2
805700,,,STARFRUIT,SEASHELLS,5050.0,1
805900,,,STARFRUIT,SEASHELLS,5045.0,1
806300,,,STARFRUIT,SEASHELLS,5048.0,2
807200,,,STARFRUIT,SEASHELLS,5052.0,1
807300,,,STARFRUIT,SEASHELLS,5051.0,1
807400,,,STARFRUIT,SEASHELLS,5046.0,1
807500,,,STARFRUIT,SEASHELLS,5053.0,12
807600,,,STARFRUIT,SEASHELLS,5047.0,1
807800,,,STARFRUIT,SEASHELLS,5052.0,1
808600,,,STARFRUIT,SEASHELLS,5054.0,12
808900,,,STARFRUIT,SEASHELLS,5049.0,3
809000,,,STARFRUIT,SEASHELLS,5046.0,1
809100,,,STARFRUIT,SEASHELLS,5045.0,1
809200,,,STARFRUIT,SEASHELLS,5050.0,1
809400,,,STARFRUIT,SEASHELLS,5051.0,10
810300,,,STARFRUIT,SEASHELLS,5045.0,1
810500,,,STARFRUIT,SEASHELLS,5050.0,1
810600,,,STARFRUIT,SEASHELLS,5045.0,1
811200,,,STARFRUIT,SEASHELLS,5047.0,2
811400,,,STARFRUIT,SEASHELLS,5046.0,10
811500,,,STARFRUIT,SEASHELLS,5052.0,1
812500,,,STARFRUIT,SEASHELLS,5053.0,1
812700,,,STARFRUIT,SEASHELLS,5045.0,2
812900,,,STARFRUIT,SEASHELLS,5051.0,1
813000,,,STARFRUIT,SEASHELLS,5047.0,2
813600,,,STARFRUIT,SEASHELLS,5052.0,2
814100,,,STARFRUIT,SEASHELLS,5047.0,1
814200,,,STARFRUIT,SEASHELLS,5047.0,2
814600,,,STARFRUIT,SEASHELLS,5050.0,5
814900,,,STARFRUIT,SEASHELLS,5052.0,1
815100,,,STARFRUIT,SEASHELLS,5051.0,2
816000,,,STARFRUIT,SEASHELLS,5045.0,1
816200,,,STARFRUIT,SEASHELLS,5051.0,1
816500,,,STARFRUIT,SEASHELLS,5049.0,5
817000,,,STARFRUIT,SEASHELLS,5047.0,6
817700,,,STARFRUIT,SEASHELLS,5046.0,1
818000,,,STARFRUIT,SEASHELLS,5046.0,1
819300,,,STARFRUIT,SEASHELLS,5050.0,1
820500,,,STARFRUIT,SEASHELLS,5050.0,2
820800,,,STARFRUIT,SEASHELLS,5049.0,1
821600,,,STARFRUIT,SEASHELLS,5041.0,1
822100,,,STARFRUIT,SEASHELLS,5047.0,12
822300,,,STARFRUIT,SEASHELLS,5040.0,1
822400,,,STARFRUIT,SEASHELLS,5041.0,1
822500,,,STARFRUIT,SEASHELLS,5048.0,2
823600,,,STARFRUIT,SEASHELLS,5042.0,1
824300,,,STARFRUIT,SEASHELLS,5041.0,2
824700,,,STARFRUIT,SEASHELLS,5041.0,5
824800,,,STARFRUIT,SEASHELLS,5046.0,2
825400,,,STARFRUIT,SEASHELLS,5041.0,8
825600,,,STARFRUIT,SEASHELLS,5047.0,1
826300,,,STARFRUIT,SEASHELLS,5042.0,7
826600,,,STARFRUIT,SEASHELLS,5041.0,1
827000,,,STARFRUIT,SEASHELLS,5043.0,1
827800,,,STARFRUIT,SEASHELLS,5043.0,5
828200,,,STARFRUIT,SEASHELLS,5044.0,4
828900,,,STARFRUIT,SEASHELLS,5042.0,1
829000,,,STARFRUIT,SEASHELLS,5048.0,2
829100,,,STARFRUIT,SEASHELLS,5042.0,1
829300,,,STARFRUIT,SEASHELLS,5042.0,1
829400,,,STARFRUIT,SEASHELLS,5047.0,1
829500,,,STARFRUIT,SEASHELLS,5043.0,3
830400,,,STARFRUIT,SEASHELLS,5041.0,1
832400,,,STARFRUIT,SEASHELLS,5039.0,3
832600,,,STARFRUIT,SEASHELLS,5039.0,1
832700,,,STARFRUIT,SEASHELLS,5045.0,10
833200,,,STARFRUIT,SEASHELLS,5038.0,1
833900,,,STARFRUIT,SEASHELLS,5039.0,10
834100,,,STARFRUIT,SEASHELLS,5040.0,7
834300,,,STARFRUIT,SEASHELLS,5040.0,1
834600,,,STARFRUIT,SEASHELLS,5040.0,1
834900,,,STARFRUIT,SEASHELLS,5042.0,2
835800,,,STARFRUIT,SEASHELLS,5042.0,1
836900,,,STARFRUIT,SEASHELLS,5044.0,4
837600,,,STARFRUIT,SEASHELLS,5044.0,1
837800,,,STARFRUIT,SEASHELLS,5051.0,10
838400,,,STARFRUIT,SEASHELLS,5050.0,1
838600,,,STARFRUIT,SEASHELLS,5049.0,3
840400,,,STARFRUIT,SEASHELLS,5049.0,1
841800,,,STARFRUIT,SEASHELLS,5048.0,1
841900,,,STARFRUIT,SEASHELLS,5048.0,1
842300,,,STARFRUIT,SEASHELLS,5049.0,1
842400,,,STARFRUIT,SEASHELLS,5050.0,1
842600,,,STARFRUIT,SEASHELLS,5050.0,2
843100,,,STARFRUIT,SEASHELLS,5051.0,14
843200,,,STARFRUIT,SEASHELLS,5049.0,1
843300,,,STARFRUIT,SEASHELLS,5044.0,1
843600,,,STARFRUIT,SEASHELLS,5049.0,1
843700,,,STARFRUIT,SEASHELLS,5043.0,2
844400,,,STARFRUIT,SEASHELLS,5049.0,1
844700,,,STARFRUIT,SEASHELLS,5044.0,1
844800,,,STARFRUIT,SEASHELLS,5043.0,1
845600,,,STARFRUIT,SEASHELLS,5049.0,1
846200,,,STARFRUIT,SEASHELLS,5049.0,1
846400,,,STARFRUIT,SEASHELLS,5051.0,1
846500,,,STARFRUIT,SEASHELLS,5050.0,8
846600,,,STARFRUIT,SEASHELLS,5046.0,9
846700,,,STARFRUIT,SEASHELLS,5047.0,5
846900,,,STARFRUIT,SEASHELLS,5050.0,3
847200,,,STARFRUIT,SEASHELLS,5049.0,2
847300,,,STARFRUIT,SEASHELLS,5046.0,1
847600,,,STARFRUIT,SEASHELLS,5046.0,1
847900,,,STARFRUIT,SEASHELLS,5051.0,1
849400,,,STARFRUIT,SEASHELLS,5052.0,1
849700,,,STARFRUIT,SEASHELLS,5051.0,1
850000,,,STARFRUIT,SEASHELLS,5050.0,1
850600,,,STARFRUIT,SEASHELLS,5050.0,1
850800,,,STARFRUIT,SEASHELLS,5049.0,3
851400,,,STARFRUIT,SEASHELLS,5043.0,11
851800,,,STARFRUIT,SEASHELLS,5050.0,2
851900,,,STARFRUIT,SEASHELLS,5050.0,2
852200,,,STARFRUIT,SEASHELLS,5043.0,13
852400,,,STARFRUIT,SEASHELLS,5045.0,1
852800,,,STARFRUIT,SEASHELLS,5046.0,1
853200,,,STARFRUIT,SEASHELLS,5051.0,1
853300,,,STARFRUIT,SEASHELLS,5047.0,4
854300,,,STARFRUIT,SEASHELLS,5050.0,1
854500,,,STARFRUIT,SEASHELLS,5049.0,1
855000,,,STARFRUIT,SEASHELLS,5049.0,1
855200,,,STARFRUIT,SEASHELLS,5050.0,2
855300,,,STARFRUIT,SEASHELLS,5051.0,12
855800,,,STARFRUIT,SEASHELLS,5048.0,1
856200,,,STARFRUIT,SEASHELLS,5042.0,1
856300,,,STARFRUIT,SEASHELLS,5048.0,1
856500,,,STARFRUIT,SEASHELLS,5043.0,3
856800,,,STARFRUIT,SEASHELLS,5048.0,1
857200,,,STARFRUIT,SEASHELLS,5043.0,2
857500,,,STARFRUIT,SEASHELLS,5049.0,9
857800,,,STARFRUIT,SEASHELLS,5045.0,3
858100,,,STARFRUIT,SEASHELLS,5043.0,1
858300,,,STARFRUIT,SEASHELLS,5045.0,2
858400,,,STARFRUIT,SEASHELLS,5044.0,13
858800,,,STARFRUIT,SEASHELLS,5044.0,1
859500,,,STARFRUIT,SEASHELLS,5051.0,2
860500,,,STARFRUIT,SEASHELLS,5046.0,1
860600,,,STARFRUIT,SEASHELLS,5046.0,1
860700,,,STARFRUIT,SEASHELLS,5051.0,1
861500,,,STARFRUIT,SEASHELLS,5052.0,1
861800,,,STARFRUIT,SEASHELLS,5052.0,8
862000,,,STARFRUIT,SEASHELLS,5045.0,3
862200,,,STARFRUIT,SEASHELLS,5045.0,1
862400,,,STARFRUIT,SEASHELLS,5045.0,1
862900,,,STARFRUIT,SEASHELLS,5049.0,1
863600,,,STARFRUIT,SEASHELLS,5044.0,14
863800,,,STARFRUIT,SEASHELLS,5049.0,1
864200,,,STARFRUIT,SEASHELLS,5050.0,1
865300,,,STARFRUIT,SEASHELLS,5051.0,1
865500,,,STARFRUIT,SEASHELLS,5051.0,1
865800,,,STARFRUIT,SEASHELLS,5045.0,13
865900,,,STARFRUIT,SEASHELLS,5046.0,1
866500,,,STARFRUIT,SEASHELLS,5050.0,1
867200,,,STARFRUIT,SEASHELLS,5051.0,1
868100,,,STARFRUIT,SEASHELLS,5046.0,1
868500,,,STARFRUIT,SEASHELLS,5051.0,5
868800,,,STARFRUIT,SEASHELLS,5047.0,5
869100,,,STARFRUIT,SEASHELLS,5053.0,14
869700,,,STARFRUIT,SEASHELLS,5045.0,1
870900,,,STARFRUIT,SEASHELLS,5046.0,2
871000,,,STARFRUIT,SEASHELLS,5049.0,2
871700,,,STARFRUIT,SEASHELLS,5051.0,1
871800,,,STARFRUIT,SEASHELLS,5051.0,1
872000,,,STARFRUIT,SEASHELLS,5045.0,2
872100,,,STARFRUIT,SEASHELLS,5045.0,2
872400,,,STARFRUIT,SEASHELLS,5051.0,1
873200,,,STARFRUIT,SEASHELLS,5052.0,1
874200,,,STARFRUIT,SEASHELLS,5045.0,1
874600,,,STARFRUIT,SEASHELLS,5046.0,1
874700,,,STARFRUIT,SEASHELLS,5046.0,1
874800,,,STARFRUIT,SEASHELLS,5051.0,1
875600,,,STARFRUIT,SEASHELLS,5053.0,1
875700,,,STARFRUIT,SEASHELLS,5047.0,1
876100,,,STARFRUIT,SEASHELLS,5048.0,10
876800,,,STARFRUIT,SEASHELLS,5053.0,1
877600,,,STARFRUIT,SEASHELLS,5049.0,1
877900,,,STARFRUIT,SEASHELLS,5049.0,1
878600,,,STARFRUIT,SEASHELLS,5051.0,1
879500,,,STARFRUIT,SEASHELLS,5054.0,1
880100,,,STARFRUIT,SEASHELLS,5052.0,1
881000,,,STARFRUIT,SEASHELLS,5055.0,6
881100,,,STARFRUIT,SEASHELLS,5053.0,1
881400,,,STARFRUIT,SEASHELLS,5055.0,1
881600,,,STARFRUIT,SEASHELLS,5055.0,1
882300,,,STARFRUIT,SEASHELLS,5058.0,1
882800,,,STARFRUIT,SEASHELLS,5058.0,1
883300,,,STARFRUIT,SEASHELLS,5060.0,1
883900,,,STARFRUIT,SEASHELLS,5055.0,1
884600,,,STARFRUIT,SEASHELLS,5061.0,11
885100,,,STARFRUIT,SEASHELLS,5054.0,6
885400,,,STARFRUIT,SEASHELLS,5055.0,1
885500,,,STARFRUIT,SEASHELLS,5055.0,1
885900,,,STARFRUIT,SEASHELLS,5054.0,9
886300,,,STARFRUIT,SEASHELLS,5060.0,1
886400,,,STARFRUIT,SEASHELLS,5055.0,1
886600,,,STARFRUIT,SEASHELLS,5055.0,1
886900,,,STARFRUIT,SEASHELLS,5054.0,1
887100,,,STARFRUIT,SEASHELLS,5060.0,1
887400,,,STARFRUIT,SEASHELLS,5059.0,2
888400,,,STARFRUIT,SEASHELLS,5063.0,2
888800,,,STARFRUIT,SEASHELLS,5057.0,1
889100,,,STARFRUIT,SEASHELLS,5062.0,1
889300,,,STARFRUIT,SEASHELLS,5061.0,1
890000,,,STARFRUIT,SEASHELLS,5056.0,1
890100,,,STARFRUIT,SEASHELLS,5056.0,1
890200,,,STARFRUIT,SEASHELLS,5056.0,15
890300,,,STARFRUIT,SEASHELLS,5061.0,1
890900,,,STARFRUIT,SEASHELLS,5061.0,1
891300,,,STARFRUIT,SEASHELLS,5061.0,5
891500,,,STARFRUIT,SEASHELLS,5059.0,2
893400,,,STARFRUIT,SEASHELLS,5054.0,1
894000,,,STARFRUIT,SEASHELLS,5060.0,1
894100,,,STARFRUIT,SEASHELLS,5060.0,1
894200,,,STARFRUIT,SEASHELLS,5055.0,6
894400,,,STARFRUIT,SEASHELLS,5059.0,2
894600,,,STARFRUIT,SEASHELLS,5060.0,1
894700,,,STARFRUIT,SEASHELLS,5055.0,1
895200,,,STARFRUIT,SEASHELLS,5059.0,2
895400,,,STARFRUIT,SEASHELLS,5055.0,1
895600,,,STARFRUIT,SEASHELLS,5060.0,1
895900,,,STARFRUIT,SEASHELLS,5055.0,1
896000,,,STARFRUIT,SEASHELLS,5054.0,1
896500,,,STARFRUIT,SEASHELLS,5054.0,3
896600,,,STARFRUIT,SEASHELLS,5053.0,1
897000,,,STARFRUIT,SEASHELLS,5054.0,1
897900,,,STARFRUIT,SEASHELLS,5052.0,1
898100,,,STARFRUIT,SEASHELLS,5056.0,3
898200,,,STARFRUIT,SEASHELLS,5052.0,1
898600,,,STARFRUIT,SEASHELLS,5051.0,1
898700,,,STARFRUIT,SEASHELLS,5052.0,1
899000,,,STARFRUIT,SEASHELLS,5058.0,1
899300,,,STARFRUIT,SEASHELLS,5056.0,1
899500,,,STARFRUIT,SEASHELLS,5057.0,1
899900,,,STARFRUIT,SEASHELLS,5054.0,6
900100,,,STARFRUIT,SEASHELLS,5054.0,1
900300,,,STARFRUIT,SEASHELLS,5053.0,1
900700,,,STARFRUIT,SEASHELLS,5052.0,1
901700,,,STARFRUIT,SEASHELLS,5054.0,15
901900,,,STARFRUIT,SEASHELLS,5059.0,1
902200,,,STARFRUIT,SEASHELLS,5058.0,3
902400,,,STARFRUIT,SEASHELLS,5060.0,13
902500,,,STARFRUIT,SEASHELLS,5059.0,1
902800,,,STARFRUIT,SEASHELLS,5052.0,1
903000,,,STARFRUIT,SEASHELLS,5057.0,1
903200,,,STARFRUIT,SEASHELLS,5052.0,13
903300,,,STARFRUIT,SEASHELLS,5052.0,1
903400,,,STARFRUIT,SEASHELLS,5060.0,12
903600,,,STARFRUIT,SEASHELLS,5053.0,1
904700,,,STARFRUIT,SEASHELLS,5055.0,7
904900,,,STARFRUIT,SEASHELLS,5060.0,1
905100,,,STARFRUIT,SEASHELLS,5055.0,1
905700,,,STARFRUIT,SEASHELLS,5061.0,8
905800,,,STARFRUIT,SEASHELLS,5061.0,3
906200,,,STARFRUIT,SEASHELLS,5061.0,1
907100,,,STARFRUIT,SEASHELLS,5055.0,2
907200,,,STARFRUIT,SEASHELLS,5057.0,5
907300,,,STARFRUIT,SEASHELLS,5057.0,1
907400,,,STARFRUIT,SEASHELLS,5062.0,1
907800,,,STARFRUIT,SEASHELLS,5064.0,9
908000,,,STARFRUIT,SEASHELLS,5062.0,1
908200,,,STARFRUIT,SEASHELLS,5062.0,1
908600,,,STARFRUIT,SEASHELLS,5064.0,2
908800,,,STARFRUIT,SEASHELLS,5058.0,15
909100,,,STARFRUIT,SEASHELLS,5061.0,2
909600,,,STARFRUIT,SEASHELLS,5058.0,1
910200,,,STARFRUIT,SEASHELLS,5056.0,1
911500,,,STARFRUIT,SEASHELLS,5061.0,1
911900,,,STARFRUIT,SEASHELLS,5061.0,1
912100,,,STARFRUIT,SEASHELLS,5054.0,8
912600,,,STARFRUIT,SEASHELLS,5056.0,15
913000,,,STARFRUIT,SEASHELLS,5055.0,1
913700,,,STARFRUIT,SEASHELLS,5055.0,8
914500,,,STARFRUIT,SEASHELLS,5057.0,2
915200,,,STARFRUIT,SEASHELLS,5054.0,1
915400,,,STARFRUIT,SEASHELLS,5054.0,2
915500,,,STARFRUIT,SEASHELLS,5058.0,4
916500,,,STARFRUIT,SEASHELLS,5054.0,1
916800,,,STARFRUIT,SEASHELLS,5055.0,5
916900,,,STARFRUIT,SEASHELLS,5054.0,6
917400,,,STARFRUIT,SEASHELLS,5050.0,1
918100,,,STARFRUIT,SEASHELLS,5058.0,2
918500,,,STARFRUIT,SEASHELLS,5053.0,2
919000,,,STARFRUIT,SEASHELLS,5058.0,3
919200,,,STARFRUIT,SEASHELLS,5053.0,1
919300,,,STARFRUIT,SEASHELLS,5053.0,1
920000,,,STARFRUIT,SEASHELLS,5052.0,1
920600,,,STARFRUIT,SEASHELLS,5052.0,5
920800,,,STARFRUIT,SEASHELLS,5052.0,1
920900,,,STARFRUIT,SEASHELLS,5053.0,4
921000,,,STARFRUIT,SEASHELLS,5056.0,1
921500,,,STARFRUIT,SEASHELLS,5057.0,12
921800,,,STARFRUIT,SEASHELLS,5056.0,1
922100,,,STARFRUIT,SEASHELLS,5051.0,1
922400,,,STARFRUIT,SEASHELLS,5056.0,1
922800,,,STARFRUIT,SEASHELLS,5049.0,2
922900,,,STARFRUIT,SEASHELLS,5054.0,2
923000,,,STARFRUIT,SEASHELLS,5049.0,1
923600,,,STARFRUIT,SEASHELLS,5048.0,2
923800,,,STARFRUIT,SEASHELLS,5048.0,1
923900,,,STARFRUIT,SEASHELLS,5048.0,1
924400,,,STARFRUIT,SEASHELLS,5051.0,10
924600,,,STARFRUIT,SEASHELLS,5051.0,1
924900,,,STARFRUIT,SEASHELLS,5047.0,1
925000,,,STARFRUIT,SEASHELLS,5051.0,1
925500,,,STARFRUIT,SEASHELLS,5044.0,8
926700,,,STARFRUIT,SEASHELLS,5045.0,1
927100,,,STARFRUIT,SEASHELLS,5048.0,2
927300,,,STARFRUIT,SEASHELLS,5055.0,12
927400,,,STARFRUIT,SEASHELLS,5050.0,4
928900,,,STARFRUIT,SEASHELLS,5053.0,3
929000,,,STARFRUIT,SEASHELLS,5050.0,1
929600,,,STARFRUIT,SEASHELLS,5049.0,2
929700,,,STARFRUIT,SEASHELLS,5054.0,1
930500,,,STARFRUIT,SEASHELLS,5057.0,8
931100,,,STARFRUIT,SEASHELLS,5057.0,1
932600,,,STARFRUIT,SEASHELLS,5051.0,1
932900,,,STARFRUIT,SEASHELLS,5052.0,2
933000,,,STARFRUIT,SEASHELLS,5051.0,2
933100,,,STARFRUIT,SEASHELLS,5051.0,1
933600,,,STARFRUIT,SEASHELLS,5051.0,1
933700,,,STARFRUIT,SEASHELLS,5052.0,2
934000,,,STARFRUIT,SEASHELLS,5052.0,1
934300,,,STARFRUIT,SEASHELLS,5051.0,5
935300,,,STARFRUIT,SEASHELLS,5055.0,1
935600,,,STARFRUIT,SEASHELLS,5057.0,15
936400,,,STARFRUIT,SEASHELLS,5056.0,1
936500,,,STARFRUIT,SEASHELLS,5051.0,1
936700,,,STARFRUIT,SEASHELLS,5050.0,1
937600,,,STARFRUIT,SEASHELLS,5056.0,1
937800,,,STARFRUIT,SEASHELLS,5054.0,1
937900,,,STARFRUIT,SEASHELLS,5051.0,1
939100,,,STARFRUIT,SEASHELLS,5051.0,1
939200,,,STARFRUIT,SEASHELLS,5051.0,1
939300,,,STARFRUIT,SEASHELLS,5051.0,1
939800,,,STARFRUIT,SEASHELLS,5051.0,7
940200,,,STARFRUIT,SEASHELLS,5054.0,3
940400,,,STARFRUIT,SEASHELLS,5057.0,1
941000,,,STARFRUIT,SEASHELLS,5055.0,1
941200,,,STARFRUIT,SEASHELLS,5055.0,1
941400,,,STARFRUIT,SEASHELLS,5056.0,13
941700,,,STARFRUIT,SEASHELLS,5056.0,1
941900,,,STARFRUIT,SEASHELLS,5055.0,1
942800,,,STARFRUIT,SEASHELLS,5054.0,1
943200,,,STARFRUIT,SEASHELLS,5054.0,3
943500,,,STARFRUIT,SEASHELLS,5049.0,1
943800,,,STARFRUIT,SEASHELLS,5052.0,1
944200,,,STARFRUIT,SEASHELLS,5053.0,1
944300,,,STARFRUIT,SEASHELLS,5048.0,8
944400,,,STARFRUIT,SEASHELLS,5055.0,1
944800,,,STARFRUIT,SEASHELLS,5055.0,1
945100,,,STARFRUIT,SEASHELLS,5052.0,1
945400,,,STARFRUIT,SEASHELLS,5054.0,1
945500,,,STARFRUIT,SEASHELLS,5053.0,4
945900,,,STARFRUIT,SEASHELLS,5048.0,5
946000,,,STARFRUIT,SEASHELLS,5048.0,1
947500,,,STARFRUIT,SEASHELLS,5053.0,8
947900,,,STARFRUIT,SEASHELLS,5051.0,1
948300,,,STARFRUIT,SEASHELLS,5046.0,8
948600,,,STARFRUIT,SEASHELLS,5047.0,1
948700,,,STARFRUIT,SEASHELLS,5052.0,4
949300,,,STARFRUIT,SEASHELLS,5053.0,7
949500,,,STARFRUIT,SEASHELLS,5048.0,14
949600,,,STARFRUIT,SEASHELLS,5055.0,2
949800,,,STARFRUIT,SEASHELLS,5048.0,1
950800,,,STARFRUIT,SEASHELLS,5054.0,2
951000,,,STARFRUIT,SEASHELLS,5052.0,1
951200,,,STARFRUIT,SEASHELLS,5051.0,5
951600,,,STARFRUIT,SEASHELLS,5051.0,2
951800,,,STARFRUIT,SEASHELLS,5046.0,1
952000,,,STARFRUIT,SEASHELLS,5046.0,1
952200,,,STARFRUIT,SEASHELLS,5051.0,6
952600,,,STARFRUIT,SEASHELLS,5048.0,1
952900,,,STARFRUIT,SEASHELLS,5049.0,1
953000,,,STARFRUIT,SEASHELLS,5049.0,1
953200,,,STARFRUIT,SEASHELLS,5054.0,1
953600,,,STARFRUIT,SEASHELLS,5049.0,1
955000,,,STARFRUIT,SEASHELLS,5050.0,1
955500,,,STARFRUIT,SEASHELLS,5050.0,4
955700,,,STARFRUIT,SEASHELLS,5049.0,2
955800,,,STARFRUIT,SEASHELLS,5055.0,1
955900,,,STARFRUIT,SEASHELLS,5050.0,2
956600,,,STARFRUIT,SEASHELLS,5049.0,1
956700,,,STARFRUIT,SEASHELLS,5049.0,1
957200,,,STARFRUIT,SEASHELLS,5051.0,1
957300,,,STARFRUIT,SEASHELLS,5056.0,1
957700,,,STARFRUIT,SEASHELLS,5056.0,4
958000,,,STARFRUIT,SEASHELLS,5049.0,1
958900,,,STARFRUIT,SEASHELLS,5054.0,1
959000,,,STARFRUIT,SEASHELLS,5053.0,1
959400,,,STARFRUIT,SEASHELLS,5047.0,1
959600,,,STARFRUIT,SEASHELLS,5047.0,1
960300,,,STARFRUIT,SEASHELLS,5046.0,3
960400,,,STARFRUIT,SEASHELLS,5052.0,1
960700,,,STARFRUIT,SEASHELLS,5051.0,1
961000,,,STARFRUIT,SEASHELLS,5052.0,7
961400,,,STARFRUIT,SEASHELLS,5047.0,2
963500,,,STARFRUIT,SEASHELLS,5055.0,1
964300,,,STARFRUIT,SEASHELLS,5057.0,2
965900,,,STARFRUIT,SEASHELLS,5054.0,4
966200,,,STARFRUIT,SEASHELLS,5056.0,4
966400,,,STARFRUIT,SEASHELLS,5051.0,1
966800,,,STARFRUIT,SEASHELLS,5052.0,2
967500,,,STARFRUIT,SEASHELLS,5056.0,1
967900,,,STARFRUIT,SEASHELLS,5056.0,9
968100,,,STARFRUIT,SEASHELLS,5050.0,1
968200,,,STARFRUIT,SEASHELLS,5050.0,1
968500,,,STARFRUIT,SEASHELLS,5055.0,1
968600,,,STARFRUIT,SEASHELLS,5049.0,1
968700,,,STARFRUIT,SEASHELLS,5053.0,1
969200,,,STARFRUIT,SEASHELLS,5051.0,5
969300,,,STARFRUIT,SEASHELLS,5049.0,2
969400,,,STARFRUIT,SEASHELLS,5047.0,1
969800,,,STARFRUIT,SEASHELLS,5049.0,2
970200,,,STARFRUIT,SEASHELLS,5048.0,1
970400,,,STARFRUIT,SEASHELLS,5050.0,2
970900,,,STARFRUIT,SEASHELLS,5049.0,1
971400,,,STARFRUIT,SEASHELLS,5053.0,1
972100,,,STARFRUIT,SEASHELLS,5053.0,6
972200,,,STARFRUIT,SEASHELLS,5051.0,4
973000,,,STARFRUIT,SEASHELLS,5053.0,1
973200,,,STARFRUIT,SEASHELLS,5054.0,5
973800,,,STARFRUIT,SEASHELLS,5053.0,1
973900,,,STARFRUIT,SEASHELLS,5047.0,1
974100,,,STARFRUIT,SEASHELLS,5047.0,1
974200,,,STARFRUIT,SEASHELLS,5047.0,1
975000,,,STARFRUIT,SEASHELLS,5051.0,1
976100,,,STARFRUIT,SEASHELLS,5048.0,1
976500,,,STARFRUIT,SEASHELLS,5054.0,2
976700,,,STARFRUIT,SEASHELLS,5047.0,1
977000,,,STARFRUIT,SEASHELLS,5051.0,10
977100,,,STARFRUIT,SEASHELLS,5052.0,2
978100,,,STARFRUIT,SEASHELLS,5045.0,1
978200,,,STARFRUIT,SEASHELLS,5050.0,1
978500,,,STARFRUIT,SEASHELLS,5045.0,1
979300,,,STARFRUIT,SEASHELLS,5051.0,1
979400,,,STARFRUIT,SEASHELLS,5046.0,1
979500,,,STARFRUIT,SEASHELLS,5051.0,1
979800,,,STARFRUIT,SEASHELLS,5048.0,5
980000,,,STARFRUIT,SEASHELLS,5049.0,3
981600,,,STARFRUIT,SEASHELLS,5047.0,1
981700,,,STARFRUIT,SEASHELLS,5047.0,1
982300,,,STARFRUIT,SEASHELLS,5054.0,1
982900,,,STARFRUIT,SEASHELLS,5049.0,4
983500,,,STARFRUIT,SEASHELLS,5056.0,1
983900,,,STARFRUIT,SEASHELLS,5053.0,2
984600,,,STARFRUIT,SEASHELLS,5051.0,2
985200,,,STARFRUIT,SEASHELLS,5055.0,10
985500,,,STARFRUIT,SEASHELLS,5049.0,3
985800,,,STARFRUIT,SEASHELLS,5048.0,1
985900,,,STARFRUIT,SEASHELLS,5053.0,4
986400,,,STARFRUIT,SEASHELLS,5048.0,1
987300,,,STARFRUIT,SEASHELLS,5054.0,1
987800,,,STARFRUIT,SEASHELLS,5051.0,4
988000,,,STARFRUIT,SEASHELLS,5052.0,1
988700,,,STARFRUIT,SEASHELLS,5047.0,1
989400,,,STARFRUIT,SEASHELLS,5046.0,2
989800,,,STARFRUIT,SEASHELLS,5053.0,1
990400,,,STARFRUIT,SEASHELLS,5047.0,1
990700,,,STARFRUIT,SEASHELLS,5047.0,1
990800,,,STARFRUIT,SEASHELLS,5050.0,3
992500,,,STARFRUIT,SEASHELLS,5047.0,1
992700,,,STARFRUIT,SEASHELLS,5048.0,8
993400,,,STARFRUIT,SEASHELLS,5047.0,4
993700,,,STARFRUIT,SEASHELLS,5046.0,1
993800,,,STARFRUIT,SEASHELLS,5046.0,2
994000,,,STARFRUIT,SEASHELLS,5047.0,1
994100,,,STARFRUIT,SEASHELLS,5047.0,2
994800,,,STARFRUIT,SEASHELLS,5044.0,1
994900,,,STARFRUIT,SEASHELLS,5049.0,1
995000,,,STARFRUIT,SEASHELLS,5049.0,1
995600,,,STARFRUIT,SEASHELLS,5044.0,4
995900,,,STARFRUIT,SEASHELLS,5042.0,1
996000,,,STARFRUIT,SEASHELLS,5044.0,2
996200,,,STARFRUIT,SEASHELLS,5043.0,1
996600,,,STARFRUIT,SEASHELLS,5044.0,5
996700,,,STARFRUIT,SEASHELLS,5049.0,1
997000,,,STARFRUIT,SEASHELLS,5048.0,1
997200,,,STARFRUIT,SEASHELLS,5047.0,1
997700,,,STARFRUIT,SEASHELLS,5044.0,1
997900,,,STARFRUIT,SEASHELLS,5043.0,12
998000,,,STARFRUIT,SEASHELLS,5046.0,4
998900,,,STARFRUIT,SEASHELLS,5046.0,1
